2366 3556
391 177 680 258 '—Vll--¹

138 359 208 449 qui
232 361 414 440 semblait
438 361 573 453 epuise
597 385 674 436 une
696 364 887 438 veritable
913 365 976 436 de·

137 495 333 560 converte.
377 489 435 560 La
457 489 539 562 tr'es
566 492 666 580 juste
695 491 976 565 classification

137 615 208 686 des
235 618 326 706 plus
356 618 518 690 anciens
545 619 782 692 manuscrits
813 619 975 693 conduit

134 739 490 815 manifestementa
504 727 693 816 admettre
717 765 767 816 au
789 747 903 836 point
925 747 974 819 de

136 866 276 958 depart
299 868 404 941 deux
425 877 553 942 textos
577 871 819 959 originaux.“

226 995 371 1080 Quanti
401 1004 531 1080 autem
559 1000 747 1071 momenti
777 1000 845 1088 sit,
876 1000 974 1072 istas

132 1121 209 1194 rite
223 1123 466 1213 distinguere
481 1123 733 1214 differentias,
748 1126 864 1198 facile
879 1127 974 1198 fate-

132 1249 242 1320 bitur
264 1249 332 1340 qui
354 1271 438 1341 prae
462 1251 588 1323 oculis
611 1252 775 1325 habebit
789 1273 922 1324 earum
937 1261 975 1324 et

132 1397 338 1448 numerum
374 1385 413 1449 et
448 1386 696 1450 momentum.
738 1379 974 1468 Discrepant

133 1503 240 1574 enim
269 1502 428 1576 codices
455 1505 546 1594 plus
575 1525 693 1594 quam
725 1505 903 1577 ducentis
932 1507 974 1576 in

132 1629 245 1718 locis,
270 1630 346 1702 etsi
368 1631 580 1721 aliquoties
603 1631 644 1702 in
663 1631 799 1721 parvis
823 1638 973 1702 tantum

131 1757 253 1830 rebus
276 1758 342 1830 vel
363 1757 536 1829 minutis,
581 1757 698 1846 Dein,
725 1777 814 1829 cum
831 1757 973 1828 utrius·

133 1904 210 1973 que
241 1863 446 1973 originalis
478 1885 711 1974 apographa
741 1882 973 1954 auctoritate

132 2010 309 2101 polleant
326 2009 441 2100 quasi
457 2009 606 2099 eadem,
622 2009 894 2081 confusionem
905 2030 972 2099 pa·

131 2137 239 2209 riunt
260 2143 298 2210 et
321 2137 443 2210 dubia
473 2145 511 2210 et
534 2136 784 2208 difficultates
814 2136 972 2207 inextri-

133 2264 294 2337 cabiles.

222 2392 368 2466 Sedulo
389 2400 520 2463 tamen
536 2391 605 2481 qui
624 2391 842 2481 inspexerit
863 2397 901 2462 et
915 2391 971 2462 lo-

134 2539 203 2592 cos
227 2520 329 2592 inter
355 2540 398 2592 se
421 2519 644 2608 contulerit,
674 2518 791 2590 facile
820 2517 971 2608 perspi-

132 2646 210 2718 ciet
221 2647 296 2718 hos
311 2647 412 2719 duos
425 2646 584 2719 codices
600 2645 813 2734 originales
827 2653 864 2716 et
878 2646 970 2718 inde
1053 2709 1056 2716 .

135 2773 333 2846 derivatas
353 2774 671 2864 apographorum
694 2771 865 2843 familias
884 2791 970 2860 spe·

135 2899 233 2972 ciem
263 2900 438 2983 duarum-
453 2900 741 2992 recensionum,
769 2907 812 2971 ut
835 2899 891 2973 ita
913 2899 970 2972 di-
