2356 3564
339 573 496 698 mnan
521 617 692 698 annun

120 768 122 772 ·
149 740 217 808 UNA
241 741 310 808 CUM
333 741 537 808 PARTITIONE
561 743 703 808 SANOTAE
725 743 883 811 REGULAE.

462 879 569 898 —0—0—0—

96 979 234 1036 Praefatio
248 981 373 1037 editoris.
461 1024 467 1036 .
541 1024 547 1038 .
620 1025 626 1037 .
700 1025 705 1040 .
766 1014 783 1040 ·.
857 939 933 1041 ..ffi

96 1067 237 1137 Prologus
251 1075 358 1124 sanetae
371 1069 498 1138 Regulae.
542 1110 547 1123 .
623 1111 628 1124 .
700 1112 706 1124 .
777 1114 784 1138 Ἴ.
857 1114 863 1126 ,
917 1075 932 1127 1

98 1155 188 1209 Index
202 1156 327 1226 capitum
338 1157 456 1225 Regulae
458 1198 863 1213 ......
916 1161 933 1215 7

331 1303 356 1374 Ι.
382 1303 510 1392 Scapus
532 1303 703 1393 Magistri.

98 1442 129 1496 C.
161 1443 185 1495 1.
205 1443 249 1496 De
263 1442 415 1511 generibus
428 1443 641 1498 monachorum.
702 1483 708 1496 .
780 1485 785 1497 .
858 1485 874 1518 ,Ἰ
900 1444 933 1498 13

205 1589 246 1660 Π.
271 1589 321 1659 De
345 1588 595 1661 Gubernatione
617 1589 826 1662 Monasterii.

99 1727 130 1782 C.
163 1727 188 1782 2.
208 1728 306 1795 Qualis
319 1728 422 1782 debeat
435 1728 535 1783 Abbas
548 1745 618 1784 esse.
698 1772 704 1786 .
777 1771 783 1784 .
820 1705 822 1712 ,
856 1770 861 1785 .
900 1731 934 1784 15

112 1853 127 1881 ,‚
160 1813 184 1866 3.
205 1813 248 1866 De
261 1813 430 1868 adhibendis
445 1815 483 1868 ad
496 1815 646 1870 consilium
660 1815 808 1872 fratribus
856 1859 861 1872 .
898 1817 939 1889 21,

113 1941 128 1969 „
158 1899 183 1954 4.
204 1900 275 1968 Quae
288 1906 356 1955 sunt
369 1901 559 1955 instrumenta
570 1903 713 1958 bonorum
727 1918 854 1972 operum.
899 1905 934 1957 22

185 2047 243 2119 III.
265 2048 316 2120 De
337 2047 420 2120 Vita
442 2048 643 2121 Monasterii
665 2049 844 2139 spirituali.

298 2187 332 2243 A.
350 2187 392 2244 De
412 2187 522 2246 Asaasi
539 2190 730 2280 monastiea.

99 2309 130 2363 C.
158 2307 182 2362 5.
201 2308 246 2362 De
258 2309 419 2364 obedientia
422 2350 782 2366 ......
854 2308 864 2366 ἶ
900 2312 934 2366 26

111 2435 126 2463 ,,
158 2395 182 2449 6.
202 2395 246 2450 De
259 2396 460 2454 taciturnitate.
541 2439 863 2454 .....
899 2399 933 2454 28

111 2523 127 2551 ‚,
158 2483 182 2536 7.
201 2483 418 2540 Dehumilitate
419 2525 863 2541 .......
899 2486 934 2542 29

336 2632 367 2688 Β.
385 2632 428 2690 Da
447 2633 556 2690 offleio
575 2635 694 2692 divino.

100 2753 130 2807 C.
162 2754 187 2806 8.
206 2752 251 2806 De
264 2751 374 2807 Officiis
388 2752 492 2807 divinis
505 2754 535 2808 in
547 2756 688 2811 noctibus.
777 2797 783 2811 .
856 2798 862 2812 .
899 2757 934 2811 39

114 2881 130 2907 ,,
161 2839 187 2894 9.
206 2840 312 2908 Quanti
343 2840 445 2909 psalmi
477 2841 591 2898 dicendi
619 2850 687 2898 sunt
715 2845 863 2899 nocturnis
888 2862 891 2868 ·
946 2915 951 2922 ,

203 2927 299 2984 Horis.
386 2968 783 2988 ......
817 2987 821 2995 ,
855 2973 862 2988 .
899 2933 934 2987 40
