2356 3564
432 203 651 282 ..g5..‚

123 379 159 450 si
182 378 231 450 ab
249 377 430 450 omnibus
446 379 557 451 vitiis
573 386 849 468 temperamus,
874 400 959 452 ora-

122 480 222 552 tioni
236 500 322 552 cum
337 479 505 567 fletibus
519 479 681 552 lectioni
698 487 735 552 et
752 501 959 571 compunc-

122 580 223 652 tioni
259 579 391 652 cordis
431 587 548 669 atque
589 580 838 675 abstinentiae
867 601 959 671 ope-

123 703 208 752 ram
231 681 380 752 damus

211 781 315 871 Ergo
344 779 576 853 hisdiebus
606 801 819 871 augeamus
842 783 959 854 nobis

125 882 277 972 aliquid
302 883 421 954 solito
437 877 567 971 penso
579 882 781 955 servitutis
796 891 959 955 nostrae:

124 982 325 1055 orationes
341 981 573 1071 peculiares,
595 981 774 1054 ciborum
789 991 827 1055 et
842 993 961 1072 potus

125 1083 416 1170 abstinentiam,
454 1090 497 1154 ut
533 1083 809 1174 unusquisque
844 1105 963 1174 super

4 1222 5 1225 ¹
124 1203 347 1256 mensuram
375 1183 453 1255 sibi
481 1182 670 1255 indictam
698 1183 850 1274 aliquid
873 1205 961 1274 pro·

124 1282 212 1375 pria
227 1285 430 1357 voluntate
447 1304 557 1373 „cum
573 1283 719 1373 gaudio
737 1285 863 1356 sancti
876 1285 961 1374 Spi-

124 1384 264 1456 ritus“¹
298 1385 435 1458 offerat
460 1384 546 1457 Deo
575 1385 631 1474 (id
654 1392 722 1474 est,
756 1387 961 1459 subtrahat

127 1485 284 1575 corpori
300 1506 372 1557 suo
387 1486 435 1557 de
449 1485 550 1573 cibo,
562 1485 612 1557 de
625 1493 733 1575 potu,
749 1485 798 1556 de
812 1507 960 1576 somno,

126 1586 175 1657 de
198 1586 448 1677 loquacitate,
473 1586 521 1657 de
539 1586 798 1675 scurrilitate),
821 1594 962 1658 etcum

127 1687 317 1777 spiritalis
361 1684 549 1760 desiderii
591 1688 738 1778 gaudio
784 1695 962 1759 sanctum

125 1788 280 1860 Pascha
304 1794 514 1878 exspectet.

212 1887 300 1959 Hoc
325 1887 444 1978 ipsud
465 1891 597 1960 tamen
621 1886 729 1977 quod
752 1887 961 1977 unusquis·

127 2008 202 2078 que
217 1979 339 2080 offert,
352 1988 591 2060 Abbatisuo
607 1995 801 2077 suggerat,
819 1996 856 2060 et
874 2008 961 2058 cum

127 2089 212 2160 eius
242 2088 311 2159 fiat
339 2087 517 2159 oratione
550 2094 588 2159 et
617 2088 835 2177 uoluntate3
867 2089 960 2178 quia

126 2189 235 2279 quod
263 2187 348 2260 sine
372 2187 632 2278 permissione
655 2187 781 2278 patris
806 2189 960 2280 spirita·

125 2290 175 2360 lis
210 2290 269 2379 fit,
302 2288 603 2379 praesumptioni
639 2288 890 2378 deputabitur
924 2299 962 2361 et

125 2413 241 2482 vanae
286 2390 444 2480 gloriae,
480 2410 576 2462 non
611 2389 792 2462 mercedi.
856 2389 960 2478 Ergo

126 2513 214 2564 cum
236 2494 438 2565 voluntate
459 2490 628 2562 Abbatis
653 2489 784 2561 omnia
809 2489 961 2579 agenda

126 2601 226 2664 sunt.

206 2819 212 2849 ¹
228 2820 250 2868 1.
260 2819 376 2869 Thessal.
388 2821 410 2880 1,
421 2819 444 2868 6.
