2356 3564
401 213 675 290 1-125-÷

140 383 255 463 Patre
280 396 317 462 et
333 388 481 479 Spiritu
498 395 634 461 sancto
649 387 754 461 vivis
779 393 817 458 et
831 406 973 477 regnas

140 493 181 562 in
205 491 351 563 saecuia
374 489 618 561 saeculorum.
663 489 709 581 R.
732 489 869 561 Amen.

479 606 634 666 SIGNUM.

227 689 303 761 Per
315 689 606 762 invocationem
620 689 885 762 immaculatae
899 687 975 760 Dei

139 791 276 863 Matris
305 797 344 862 et
375 811 530 880 semper
550 789 726 879 Virginis
756 789 906 878 Mariae,
936 798 975 861 et

139 913 211 982 per
244 891 565 964 intercessionem
598 898 821 963 sanctorum
852 889 974 961 Bene-

141 992 236 1064 dicti
260 997 298 1063 et
319 990 446 1062 Mauri

226 1091 409 1164 Potentia
425 1090 459 1161 ›1-
473 1090 549 1163 Dei
563 1091 703 1178 Patris,
723 1090 926 1180 Sapientia
941 1093 975 1160 ›i‹
996 1165 998 1168 .

139 1192 214 1266 Dei
228 1192 332 1281 Filii,
347 1190 482 1263 Virtus
498 1192 533 1261 ›1‹
545 1191 715 1280 Spiritus
737 1190 863 1263 sancti
880 1191 973 1263 isne·

138 1302 198 1368 ret
217 1301 255 1367 te
280 1293 330 1365 ab
355 1292 432 1366 ista
455 1291 689 1365 infirmitate.
727 1292 864 1364 Amen.
926 1291 930 1297 ’

226 1395 335 1468 Sicut
356 1393 474 1468 fuerit
494 1393 784 1484 beneplacitum
808 1393 891 1481 ejus
915 1392 973 1464 sic

138 1495 215 1585 fiat,
239 1504 277 1569 et
298 1496 367 1568 fiat
389 1495 463 1568 tibi
478 1495 580 1568 sicut
593 1495 697 1584 petis
715 1501 753 1566 et
769 1493 972 1566 desideras

139 1598 191 1669 ad
223 1596 381 1670 laudem
416 1603 455 1670 et
487 1595 678 1669 honorem
713 1595 973 1667 sanctissimae

139 1697 276 1771 Crucis
299 1697 458 1770 Domini
481 1699 608 1770 nostri
630 1697 655 1767 J
657 1718 727 1769 esu
751 1696 909 1770 Christi.

139 1886 168 1940 di
227 1805 335 1864 Ultimo
357 1807 508 1864 benedicat
526 1806 641 1864 infirmo
659 1806 792 1877 Reliquia
817 1805 845 1863 S.
864 1806 974 1874 Crucis,

169 1900 252 1940 cens:

226 1968 555 2041 BenedictioDei
576 1968 872 2058 omnipotentis,
901 1965 973 2038 Pa·

138 2069 209 2140 tris
226 2072 260 2139 ›1‹
277 2075 317 2140 et
328 2067 420 2140 Filii
436 2076 476 2140 et
487 2069 656 2159 Spiritus
673 2068 800 2140 sancti
814 2069 972 2140 descen-

140 2168 206 2240 dat
223 2188 341 2258 super
356 2177 401 2254 te¹
411 2176 449 2240 et
462 2176 618 2241 maneat
634 2189 797 2260 semper.
835 2171 972 2275 Arnen.

226 2279 264 2332 Et
277 2277 397 2348 porrigit
410 2279 448 2334 ad
462 2278 600 2334 osculum.

225 2361 288 2416 Hoc
302 2361 427 2430 signum,
449 2361 474 2415 si
488 2376 561 2432 opus
574 2360 624 2429 sit,
639 2355 778 2433 repetitur
791 2377 844 2432 per
858 2365 918 2416 tres
932 2361 972 2418 vi-

137 2455 194 2509 ces,
207 2438 397 2495 rivediversis
406 2439 516 2507 diebus,
531 2439 592 2494 sive
604 2440 704 2494 eadem
718 2439 772 2507 die,
787 2441 864 2505 iuxta
876 2455 972 2496 neces-

137 2523 258 2578 sitatem.
291 2522 364 2577 Tres
381 2521 468 2577 etiam
485 2522 580 2577 Missae
593 2522 698 2578 votivae
714 2522 739 2576 si
756 2523 851 2590 lubet,
870 2538 972 2595 nempe

138 2602 174 2656 de
183 2601 335 2669 Pessime,
354 2600 389 2654 de
402 2599 435 2657 S.
451 2600 552 2656 Mauro
566 2599 695 2669 Abbate‚
716 2607 744 2655 et
761 2615 816 2670 pro
830 2600 973 2658 defunctis

137 2680 317 2734 celebraudae
334 2684 431 2733 erunt:
445 2678 572 2747 alioquin
585 2677 762 2734 Beatissimae
776 2678 902 2749 Virginis
916 2682 973 2736 Ma-

136 2759 188 2811 riae
201 2757 356 2812 Rosarium
373 2756 403 2811 in
417 2762 477 2811 tres
493 2762 592 2826 partes
607 2756 792 2812 distributum
811 2759 889 2827 juxta
900 2775 972 2830 prae-

137 2834 226 2890 iatam
245 2835 431 2890 intentionem
448 2835 757 2907 infirmusfisiflpotesti,
769 2837 914 2912 trecitabiti
926 2841 972 2897 vel

138 2914 259 2970 recitare
273 2913 368 2970 faciet.
