2366 3556
360 185 655 256 *-*45-

131 361 326 432 secundus
358 369 396 432 et
428 359 777 451 quinquagesimus
818 366 964 446 sextus

130 470 268 552 quarta
305 463 403 533 teria
442 461 711 551 sexagesimus
750 459 887 531 tertius
928 469 965 532 et

58 637 62 649 ι
130 564 399 652 sexagesimus
412 570 585 653 quartus
604 562 740 654 quinta
750 561 848 631 feria
860 569 964 632 octo·

59 652 64 674 ¹
129 663 301 751 gesimus
326 662 516 752 septimus
541 670 579 732 et
602 660 868 750 octogesimus
896 680 964 731 no-

33 801 38 810 ·
129 785 219 850 nus,
249 772 360 836 sexta
389 764 486 835 feria
515 759 829 853 septuagesimus
854 761 964 850 quin-

129 873 192 936 tus
223 873 261 937 et
290 865 568 954 nonagesimus
598 863 763 953 primus
797 862 963 932 sabbato

131 973 259 1036 autem
288 966 523 1037 centesimus
552 963 878 1055 quadragesimus
907 983 964 1034 se·
1065 973 1067 976 ’

130 1067 280 1138 cundus
317 1074 355 1137 et
389 1067 583 1138 canticum
615 1064 965 1138 Deuteronomium

131 1167 238 1257 quod
250 1165 451 1240 dividatur
463 1167 505 1238 in
518 1168 616 1240 duas
630 1164 842 1256 „Glorias‘t
862 1165 963 1236 Nam

130 1267 269 1339 ceteris
286 1267 426 1339 diebus
444 1269 638 1339 canticum
657 1266 964 1356 unumquodque

130 1368 194 1439 die
232 1389 304 1439 suo
344 1389 395 1438 ex
427 1368 653 1458 Prophetis,
693 1369 794 1440 sicut
828 1365 964 1457 psallit

128 1467 306 1539 Ecclesia
320 1467 508 1557 Romana,
532 1468 720 1540 dicantur.
758 1466 854 1538 Post
876 1467 962 1538 haec

131 1577 343 1660 sequantur
370 1569 537 1658 Laudes
569 1569 711 1640 deinde
739 1568 856 1640 lectio
884 1589 962 1639 una

129 1669 315 1759 Apostoli
330 1671 552 1742 memoriter
566 1669 778 1764 recitanda,
801 1690 961 1760 respon·

10 1829 14 1837 .
130 1771 292 1857 sorium,
314 1770 617 1858 Ambrosianus
650 1771 808 1859 versuo
843 1770 961 1842 canti-

130 1893 217 1945 cum
241 1872 289 1942 de
310 1864 538 1963 Evangelio,
561 1867 709 1960 litania,
733 1879 772 1942 et
795 1872 964 1962 comple·
1009 1863 1014 1872 ’

129 1982 211 2045 tum
234 1981 303 2045 est.
350 2033 351 2036 ,

214 2076 347 2147 *aaran
374 2074 545 2165 ¹Agenda
578 2073 768 2145 matutina
803 2073 868 2145 vel
899 2092 963 2143 ve·

131 2177 407 2266 spertinanon
431 2185 605 2247 transeat
629 2174 858 2266 aliquando,
887 2173 965 2243 nisi

130 2279 170 2348 in
198 2278 336 2350 ultimo
366 2299 437 2367 per
468 2278 645 2349 ordinem
674 2276 807 2348 Oratio
831 2276 963 2346 Domi-

129 2381 218 2451 nica
252 2379 433 2452 omnibus
469 2378 729 2451 audientibus
754 2377 907 2448 dicatur
942 2397 964 2446 a

130 2481 266 2553 Priore
310 2486 472 2570 propter
511 2478 787 2558 scandalorum
826 2477 962 2567 spinas

131 2603 221 2672 quae
237 2583 332 2654 oriri
348 2583 486 2668 solent,
501 2590 545 2653 ut
557 2576 740 2653 conventi
752 2600 824 2669 per
836 2579 963 2668 ipsius

131 2684 323 2756 orationis
340 2683 688 2773 sponsionemqua
705 2681 854 2752 dicunt:
877 2678 963 2768 „Di-

130 2786 238 2857 mitte
263 2784 391 2873 nobis
412 2783 518 2854 sicut
541 2791 578 2854 et
600 2802 675 2853 nos
699 2779 963 2868 dimittimuS‚“
1056 2849 1060 2852 .

130 2893 299 2974 purgent
322 2905 364 2955 se
389 2885 437 2955 ab
462 2883 689 2955 huiusmodi
709 2883 818 2988 yitio
855 2883 968 2953 Cetea
