2366 3556
528 159 747 230 ..ἰωή

243 333 335 389 XVII.
365 333 471 400 QUOT
485 333 629 390 PSALMI
641 335 719 389 PER
733 335 889 390 EASDEM
901 333 1033 390 HORAS

493 417 656 474 DIGENDI
676 418 787 476 SUNT.

113 509 206 602 {leffi-
305 506 377 577 nn
404 523 453 576 na
500 508 714 580 Nocturnis
752 512 817 582 vel
852 509 1052 581 Matutinis

114 617 201 658 ποοῦ·
220 608 457 697 digessimus
477 609 655 681 ordinem
678 610 927 699 psalmodiae;
951 632 1052 692 nuno
1175 681 1176 688 ,

219 710 266 780 de
281 709 535 800 sequentibus
548 710 668 780 Horis
681 711 897 783 videamus.
921 710 1052 782 Prima
1148 789 1151 795 ,
1175 707 1176 742 ;

216 809 326 882 Hora
350 810 531 882 dicantur
552 811 696 900 psalmi
718 819 797 883 tres
823 812 1052 901 singillatim

216 920 255 983 et
269 933 350 984 non
367 914 439 984 sub
456 934 535 984 una
552 911 743 1002 „Gloria“,
765 913 933 1003 hymnus
951 913 1050 984 eius·

216 1013 305 1083 dem
320 1013 431 1085 horae
454 1021 547 1102 post
564 1034 736 1085 versum:
760 1014 904 1102 „Deua
929 1015 969 1084 in
986 1013 1050 1085 ad·

145 1159 148 1164 -
215 1111 453 1200 iutorium,“¹
478 1123 686 1203 antequam
701 1115 845 1204 psalmi
861 1115 1050 1206 incipian·

214 1221 286 1284 tur.
309 1211 407 1285 Post
422 1215 686 1304 expletionem
701 1236 796 1288 vero
812 1216 930 1286 trium
946 1217 1049 1304 psal·

214 1335 366 1387 morum
388 1317 571 1388 recitetur
596 1315 712 1387 lectio
736 1336 824 1403 una,
847 1336 986 1388 versus
1012 1323 1050 1386 et

215 1416 359 1507 „Kyrie
384 1417 555 1489 eleison“
580 1425 618 1488 et
641 1417 783 1487 missae.

300 1517 434 1589 Tertia
463 1538 569 1605 vero,
598 1515 717 1588 Sexta
746 1528 784 1586 et
810 1515 926 1586 Nona
956 1515 1049 1586 item

120 1681 122 1686 .
212 1638 260 1688 eo
294 1617 434 1690 ordine
469 1619 699 1690 celebretur:
737 1617 863 1688 oratio
897 1616 953 1703 (id
988 1625 1048 1687 est

211 1720 374 1807 versus),
415 1718 552 1808 hymni
596 1717 807 1799 earundem
850 1717 1046 1805 horarum,

211 1819 312 1890 terni
334 1819 488 1908 psalmi,
516 1819 639 1890 lectio.
664 1827 701 1889 et
723 1839 874 1906 versus,
900 1819 1044 1909 „Kyrie

211 1919 381 1991 eleison“
407 1929 445 1991 et
467 1920 610 1990 missae.
624 1919 722 1990 -Si
744 1921 869 1992 maior
885 1941 1045 2010 congre·

211 2021 317 2108 gatio
345 2021 472 2109 fuerit,
502 2041 589 2091 cum
620 2021 859 2111 antiphonis,
891 2022 925 2096 si
948 2041 1044 2094 vero

208 2122 346 2207 minor,
369 2122 410 2192 in
433 2122 622 2193 directum
645 2122 873 2210 psallantur.
902 2162 922 2180 .—

297 2223 532 2312 Vespertina
549 2231 678 2293 autem
694 2224 857 2314 synaxis
877 2231 1044 2312 quatuor

208 2324 372 2414 psalmis
416 2345 504 2395 curn
543 2325 770 2414 antiphonis
807 2324 1042 2411 terminetur,

169 2431 170 2434 ’
208 2433 300 2515 post
337 2445 438 2515 quos
477 2426 652 2514 psalmos
688 2425 806 2498 lectio
841 2423 1042 2494 recitanda

210 2535 278 2615 est,
302 2525 393 2598 inde
414 2526 720 2614 responsorium,
743 2523 1040 2617 Ambrosianus,

208 2647 358 2714 versus,
383 2626 576 2700 canticum
592 2626 640 2698 de
657 2624 886 2713 Evangelio,
903 2623 1041 2694 litania

210 2735 248 2799 et
271 2725 455 2798 Oratione
478 2727 683 2804 Dominioa
707 2726 801 2795 fiant
823 2726 966 2796 missae.

288 2884 294 2914 ¹
310 2883 352 2932 Ps.
363 2884 401 2944 69,
411 2884 434 2933 2.
