2366 3556
123 369 155 407 25.
167 367 211 408 iun.

122 423 154 459 2.
166 421 209 511 0th

536 174 747 246 ..52-

315 349 520 439 Disposito
541 351 680 422 ordine
699 351 934 440 psalmodiae
956 351 1060 423 diur-

163 523 317 621 sunt
347 550 551 639 aequaliter
581 552 849 624 dividantur
838 574 879 622 m
909 559 1060 668 septem

224 649 398 722 noctium
409 650 589 740 Vigilias
606 652 813 740 partiendo
828 652 1059 742 scilicetqui

225 751 326 824 inter
356 773 425 825 eos
449 752 686 842 prolixiores
711 761 801 825 sunt
830 754 989 843 psalmi,
1021 763 1060 825 et

226 853 435 925 duodecim
468 874 540 944 per
569 875 883 944 unamquamque
916 855 1058 927 consti-

225 963 338 1026 tuens
365 961 529 1028 noctem.
552 995 596 1003 -
617 955 705 1028 Hoc
732 956 931 1047 praecipue
956 976 1058 1030 com·
1167 953 1168 978 l

225 1063 444 1145 monentes,
473 1064 516 1127 ut
545 1056 580 1128 si
608 1058 670 1129 oui
696 1058 796 1131 forte
819 1058 906 1129 haec
929 1057 1058 1130 distri·

225 1157 335 1229 butio
352 1159 593 1247 psalmorum
613 1159 868 1251 displicuerit,
893 1160 1057 1250 ordinet,

226 1259 261 1329 si
276 1260 415 1331 melius
432 1261 545 1333 aliter
559 1261 808 1350 iudicaverit;
829 1261 921 1336 dum
937 1261 1057 1332 omni·

224 1361 354 1432 modis
371 1361 413 1432 id
430 1363 615 1452 attendat,
630 1371 673 1434 ut
690 1364 796 1435 omni
808 1362 1059 1434 hebdomada

224 1461 458 1533 Psalterium
480 1484 530 1533 ex
553 1463 704 1552 integro
725 1482 887 1535 numero
905 1470 1058 1535 centum

192 1604 195 1609 -
224 1563 508 1654 quinquaginta
530 1565 772 1654 psalmorum
794 1564 996 1654 psallatur,
1021 1575 1057 1637 et

223 1662 420 1737 dominico
443 1664 507 1736 die
529 1684 726 1754 sempera
751 1665 879 1755 capite
901 1686 1056 1754 repren-

224 1763 338 1836 datur
362 1765 412 1837 ad
427 1765 607 1855 Vigilias,
633 1765 725 1855 quia
752 1766 870 1837 nimis
894 1765 1057 1838 inertem
1168 1809 1169 1826 1

224 1864 446 1966 devotionis
488 1887 570 1937 suae
609 1868 811 1939 servitium
846 1866 1056 1938 ostendunt
1168 1915 1169 1956 3

222 1967 405 2038 monachi
435 1968 503 2056 qui
533 1967 661 2040 minus
692 1990 715 2040 a
744 1968 937 2040 Psalterio
969 1989 1056 2040 cum

223 2068 386 2139 canticis
426 2069 782 2141 consuetudinariis
824 2090 895 2158 per
938 2069 1054 2158 septi·

221 2190 348 2241 manae
372 2170 559 2241 circulum
581 2171 765 2260 psallunt,
787 2172 879 2242 dum
896 2171 1055 2259 quando

220 2269 416 2358 legamus¹
445 2281 604 2344 sanctos
625 2272 762 2344 Patres
789 2283 947 2343 nostros
975 2293 1054 2343 uno

223 2372 286 2442 die
320 2372 397 2444 hoc
432 2379 588 2445 strenue
620 2373 806 2462 implesse
841 2374 949 2463 quod
980 2395 1054 2445 nos

221 2473 347 2564 tepidi
369 2474 518 2546 utinam
546 2475 765 2565 septimana
793 2475 945 2563 integra
969 2495 1053 2564 per·

222 2578 438 2649 solvamus!

301 2764 308 2795 ¹
324 2763 390 2813 Vitae
402 2765 506 2814 Petrum
517 2765 534 2816 L
544 2766 566 2814 3.
577 2779 646 2816 num.
657 2767 672 2816 5
683 2775 708 2816 et
718 2768 745 2838 63
758 2767 774 2815 l.
787 2767 823 2815 10.
834 2781 888 2829 cap.
898 2768 937 2815 40.
