2356 3564
551 181 790 253 ..135-

248 353 436 428 liberatos
463 357 691 430 etsanitate
716 355 899 444 donatos,
924 355 1095 428 dextera

248 463 315 528 tua
331 457 471 548 erigas,
490 459 633 531 virtute
650 457 865 545 confirmes
889 463 1093 546 potestate

247 559 410 648 tueariS,
450 565 565 650 atque
600 557 790 630 Ecclesiae
822 563 902 642 tuae
937 565 1092 629 sanctae

248 679 336 730 cum
359 661 466 733 omni
488 661 751 751 prosperitate
774 659 970 732 restituas.
1009 659 1093 730 Per

245 760 457 834 Dominum
490 765 667 836 nostrum
700 763 837 854 Jesum
873 762 1090 850 Christum,

245 861 389 936 Filium
409 859 528 954 tuum,
551 867 619 956 qui
633 872 761 937 tecum
775 865 877 940 vivit
893 870 931 935 et
945 873 1091 956 regnat

246 961 287 1034 in
321 965 470 1039 unitate
504 964 673 1055 Spiritus
710 965 836 1036 sancti
868 964 976 1038 Deus
1011 984 1091 1054 per

246 1065 378 1137 omnia
401 1065 547 1142 saecula
571 1065 814 1138 saeculorum.
859 1065 996 1137 Amen.

331 1183 513 1251 Immergitur
537 1179 567 1236 in
591 1196 696 1250 aquam
720 1167 864 1237 numisma
888 1181 916 1239 S.
936 1183 967 1237 P.
992 1181 1088 1256 Bene-

244 1263 327 1333 dicti,
352 1270 381 1318 et
404 1265 570 1320 immersum
593 1269 707 1319 tenetur
725 1280 817 1334 usque
835 1267 872 1328 ad
891 1265 977 1319 finem
994 1265 1088 1318 huius

243 1345 395 1402 orationis:

329 1439 503 1511 Benedic
524 1442 572 1528 »1«,
593 1431 777 1528 Domine,
801 1437 903 1510 hanc
926 1459 1084 1528 aquam,

241 1547 284 1610 ut
313 1540 365 1612 sit
395 1539 610 1612 remedium
640 1539 825 1611 salutare
843 1539 978 1629 generi
1010 1539 1084 1611 hu·

241 1662 376 1730 mano,
422 1652 460 1713 et
504 1662 575 1732 per
615 1641 936 1714 intercessionem
972 1642 1083 1713 beati

240 1741 281 1812 P.
297 1741 344 1814 N.
360 1741 575 1830 Benedicti,
597 1741 709 1813 cuius
725 1741 920 1812 numisma
935 1740 975 1811 in
992 1761 1082 1812 eam

240 1843 496 1934 immergitur,
528 1849 690 1932 praesta:
703 1853 706 1860 “
719 1849 762 1913 ut
785 1842 1007 1932 quicunque
1031 1855 1080 1915 ea

238 1944 303 2014 usi
311 1942 465 2032 fuerint,
479 1942 657 2033 corporis
668 1941 876 2012 sanitatem
886 1949 924 2013 et
935 1942 1078 2013 animae

238 2045 399 2115 tutelam
422 2043 653 2134 percipiant
691 2041 767 2112 Per
782 2040 982 2115 Christum
997 2043 1077 2114 Do-

237 2145 385 2216 minum
408 2151 595 2216 nostrum.
640 2143 778 2213 Amen.

564 2272 738 2346 Oramus.

323 2382 558 2476 Intercessio
591 2402 684 2469 nos,
720 2376 964 2471 quaesumus,
996 2362 1073 2451 150·

235 2483 355 2570 mine,
386 2481 495 2554 beati
520 2482 562 2554 P.
590 2481 637 2552 N.
670 2479 875 2551 Benedicti
903 2479 1072 2551 Abbatis
1149 2503 1150 2554 1

236 2582 498 2679 commendet;¹
525 2589 584 2670 ut,
616 2581 722 2672 quod
750 2581 896 2652 nostris
922 2581 1071 2651 meritis

234 2703 313 2753 non
328 2683 517 2769 valemuS,
541 2681 625 2754 eius
645 2680 865 2772 patrocinio
888 2700 1071 2770 assequa-
1149 2679 1150 2764 i

233 2802 328 2852 mur.
374 2781 683 2854 Per'Dominum
705 2788 883 2852 nostrum
907 2790 994 2854 etc'

549 2925 756 2932 ..-..-—-.-..----—-
