2366 3556
511 185 735 265 -oo-
1011 136 1017 178 ⁵
1171 179 1173 270 ἱ

161 439 163 444 ,
205 376 356 441 tantum
385 388 616 458 compassus
646 375 715 456 est,
742 375 785 438 ut
808 365 894 440 eam
917 370 958 441 in
982 393 1040 442 sa·

207 471 284 541 cris
300 470 473 541 humeris
498 469 581 540 suis
598 468 825 558 dignaretur
839 471 1041 561 imponere
1168 501 1170 503 >

207 579 245 642 et
268 570 326 642 sic
348 580 549 661 reportare
575 570 626 640 ad
649 570 836 658 gregem.¹

233 755 368 812 XXVIII.
405 755 457 809 DE
476 754 540 811 HIS
559 755 628 823 QUI
647 753 795 811 SAEPIUS
814 754 1011 813 CORREPTI

388 838 603 898 EMENDARE
621 837 858 895 NOLUERINT.

103 973 196 1065 affin.
295 951 336 1023 81
352 968 434 1027 cuis
458 953 577 1024 frater
600 952 824 1041 frequenter
839 959 1042 1040 correptus

106 1053 192 1118 i'nov'.
207 1072 281 1142 pro
311 1053 486 1142 qualibet
514 1054 641 1145 culpa,
674 1053 709 1124 si
740 1053 858 1124 etiam
889 1071 1043 1124 excom·

208 1153 428 1226 municatus
452 1175 531 1226 non
556 1154 831 1241 emendaverit,
856 1153 984 1224 acrior
1007 1153 1043 1223 ei

209 1255 370 1327 acc'edat
386 1257 593 1346 correptio,
616 1256 658 1327 id
682 1263 756 1343 est,
780 1264 822 1326 ut
837 1255 1044 1328 verberum

208 1356 384 1429 vindicta
407 1357 448 1427 in
472 1377 560 1428 eum
583 1357 782 1446 procedat.

296 1457 410 1542 Quod
427 1457 461 1528 si
473 1479 545 1529 nec
560 1458 614 1529 ita
628 1457 842 1528 correxerit
854 1463 921 1528 aut
932 1457 1042 1544 forte,

208 1557 316 1646 quod
340 1558 459 1645 absit,
490 1558 531 1629 in
561 1559 747 1647 superbia
775 1557 900 1629 elatus
925 1556 1043 1628 etiam

208 1656 417 1730 defendere
433 1658 604 1730 voluerit
620 1678 741 1748 opera
757 1680 839 1746 sua,
855 1667 947 1728 tune
962 1657 1041 1728 Ab·

207 1761 280 1831 bas
309 1760 429 1832 faciat
456 1760 563 1850 quod
592 1759 751 1849 sapiens
780 1759 973 1830 medicus:
1008 1758 1042 1828 si

209 1861 387 1932 exhibuit
409 1860 591 1952 fomenta,
621 1862 656 1932 si
679 1869 877 1950 unguenta
901 1860 1041 1931 adhor-

207 1963 410 2052 tationum,
430 1963 465 2033 si
480 1963 741 2035 medicamina
755 1962 1042 2052 Scripturarum
1172 1961 1173 2034 J

209 2063 448 2152 divinarum,
485 2064 520 2136 si
553 2064 605 2135 ad
634 2064 813 2136 ultimum
846 2063 1042 2136 ustionem

208 2165 625 2236 excommunicationis
648 2165 714 2236 vel
736 2165 942 2255 plagarum
965 2164 1041 2236 vir·

208 2283 269 2352 gae
286 2265 413 2351 etiam,
430 2304 472 2315 —-
487 2265 522 2336 si
537 2266 682 2340 viderit
700 2265 800 2336 nihil
816 2286 928 2337 suam
943 2282 1047 2354 prae*

207 2367 339 2438 valere
385 2366 635 2454 industriam,
681 2363 869 2437 adhibeat
901 2365 1041 2464 etiam,

208 2467 316 2555 quod
339 2467 465 2546 maius
487 2476 556 2556 est,
580 2488 692 2539 suam
713 2473 751 2538 et
773 2467 947 2538 omnium
968 2465 1041 2537 fra·

208 2576 310 2639 trum
340 2587 413 2657 pro
445 2588 491 2638 eo
522 2568 749 2656 orationem,
780 2577 823 2639 ut
849 2566 1041 2638 Dominus
1172 2521 1173 2606 i

210 2668 278 2757 qui
317 2668 448 2740 omnia
486 2676 618 2758 potest
658 2675 840 2757 operetur
877 2668 1042 2738 salutem
1172 2641 1173 2694 ¹

210 2769 312 2839 circa
336 2770 530 2841 infirmum
552 2768 719 2841 fratrem.
1172 2805 1173 2814 ,

1129 2631 1143 2674 Ι
1172 2609 1173 2638 i

290 2928 295 2957 ¹
311 2927 375 2976 Luc.
387 2929 423 2988 15,
433 2927 449 2974 4
460 2941 512 2989 seq.
