2356 3564
532 195 778 266 -102-

239 376 302 439 tur
328 369 434 454 1000,
467 370 502 440 si
529 389 664 441 eorum
687 368 805 441 talem
827 368 1077 458 perspexerit
1163 363 1164 452 Ῠ

240 489 327 540 esse
349 469 481 542 vitam.
704 485 708 492 “

327 571 481 643 Csvmr
496 578 624 643 autem
635 572 784 660 Abbas‚‘
795 590 845 641 ne
859 570 1074 660 aliquando
1163 593 1164 658 j

240 671 288 742 de
313 673 391 743 alio
407 679 501 743 noto
518 672 756 744 monasterio
773 671 1007 744 monachum
1022 672 1075 742 ad

238 772 495 845 habitandum
532 773 723 864 suscipiat
758 773 842 844 sine
876 793 1075 846 consensu
1163 813 1164 868 3

238 872 407 956 Abbatis
422 873 522 945 eius
548 881 614 945 aut
641 874 766 946 literis
796 873 1074 946 commendati·
1163 937 1164 940 ,

237 972 316 1062 tiis,
339 974 432 1064 quia
451 974 729 1063 scriptumest:
753 974 891 1062 „Quod
904 974 978 1047 tibi
993 995 1075 1046 non

237 1073 300 1147 vis
323 1074 418 1162 fieri,
444 1074 522 1146 alio
545 1096 594 1146 ne
616 1075 808 1148 feceris.“¹
1163 1073 1164 1094 ³

272 1275 363 1330 Lxu
402 1275 455 1330 us
474 1275 770 1333 SAGERDOTIBUS
788 1230 1037 1332 uoulsusuu

134 1415 191 1504 ¹1⁷⁴*
172 1425 224 1516 gug-
309 1386 368 1462 Sr
378 1406 461 1467 oms
477 1391 615 1464 Abbas
633 1392 710 1464 slbr
722 1393 995 1482 presbyterum
1007 1395 1076 1466 vel

135 1467 221 1559 izit.
201 1477 445 1563 g'diaconem
461 1492 636 1564 ordinari
650 1493 817 1583 petierit,
841 1493 889 1565 de
905 1493 987 1566 suis
1005 1494 1074 1564 eli·
1163 1543 1164 1574 ;

238 1600 305 1680 gat
329 1591 397 1681 qui
421 1591 564 1682 dignus
588 1593 639 1664 sit
662 1593 884 1666 sacerdotio
907 1595 1027 1684 fungi.

133 1697 137 1705 '
326 1692 543 1764 Ouumurus
565 1702 694 1766 autem
710 1701 848 1766 caveat
863 1694 1075 1766 elationem
1163 1693 1164 1760 3

239 1801 305 1864 aut
336 1792 561 1883 superbiam
582 1814 655 1865 nec
682 1793 897 1884 quidquam
923 1814 1073 1883 praesu·
1163 1787 1164 1880 J

236 1900 318 1965 mat
339 1895 419 1966 nisi
442 1893 550 1984 quod
578 1894 615 1966 ei
639 1895 688 1966 ab
711 1895 868 1966 Abbate
891 1895 1073 1985 praecipi·
1163 1923 1164 1958 t

237 2002 308 2084 tur,
333 1995 462 2068 sciens
487 2015 529 2067 se
552 1995 674 2067 multo
698 1995 823 2084 magis
848 1994 1073 2085 disciplinae
1163 2027 1164 2082 1

236 2097 407 2186 regulari
442 2096 698 2169 subdendum.
746 2095 830 2166 Nec
863 2094 1072 2166 occasione
1163 2093 1164 2120 ³

237 2196 446 2268 sacerdotii
472 2195 731 2268 obliviscatur
752 2194 914 2284 Regulae
936 2195 1072 2266 obedi·
1163 2237 1164 2246 κ

237 2297 381 2367 entiam
407 2304 444 2368 et
473 2295 739 2386 disciplinam,
771 2294 843 2366 sed
869 2295 996 2384 magis
1025 2316 1072 2366 ac

235 2396 362 2486 magis
398 2397 445 2467 in
469 2397 596 2469 Deum
626 2396 816 2487 proficiat.
848 2435 892 2444 -
923 2395 1073 2468 Locum
1163 2427 1164 2466 3

141 2529 145 2536 ·
235 2518 330 2570 vero
365 2497 475 2568 illum
509 2519 664 2588 semper
695 2497 870 2569 attendat
905 2517 983 2587 quo
1013 2497 1071 2567 in·
1163 2513 1164 2592 j

235 2618 394 2687 gressus
430 2607 489 2670 est
521 2599 562 2669 in
599 2598 894 2687 monasterium,
927 2605 1072 2686 praeter
1163 2605 1164 2646 ³

236 2699 408 2771 officium
430 2699 565 2772 altaris
589 2708 627 2771 et
650 2700 686 2771 si
707 2699 806 2772 forte
823 2697 962 2770 electio
980 2717 1071 2768 con·
1163 2769 1164 2818 ἶ

315 2905 322 2936 ¹
338 2904 436 2967 Tuus,
447 2906 486 2954 16.
