2366 3556
436 225 654 296 ..21-

194 420 247 474 111.
283 421 336 477 33
351 392 593 476 3331333313
606 419 662 473 nn
675 417 889 476 cossinum

428 500 664 558 FRATRIBUS,

214 604 273 688 Qu
275 619 406 670 3313113
428 603 560 693 aliqua
583 603 785 693 praecipua
809 603 1056 704 3333333331771

127 713 218 777 sunt
249 706 290 775 in
317 704 576 791 monasterio,
610 713 801 775 convocet
823 666 1040 778 Α1111333ἶ3
1016 662 1072 766 eil·
1171 701 1172 741 7

128 825 283 876 omnem
308 804 651 895 congregationem
677 812 715 876 et
743 804 887 876 dicat
876 825 962 895 ipse

127 906 232 979 unde
245 907 382 996 agitur.
421 906 471 977 Et
487 905 651 977 audiens
665 907 875 978 consilium
889 907 963 977 fra·

128 1018 230 1079 trum
251 1014 391 1079 tractet
413 1007 520 1097 apud
544 1027 602 1095 se,
633 1014 671 1078 et
698 1007 805 1096 quod
830 1007 963 1078 utilius

129 1107 363 1180 iudicaverit
382 1107 512 1178 faciat.
562 1126 566 1135 ·

215 1208 311 1280 Ideo
343 1215 472 1280 autem
506 1227 641 1280 omnes
674 1208 725 1281 ad
756 1208 965 1280 consilium

129 1311 266 1384 vocari
283 1309 465 1399 diximus,
487 1309 580 1399 quia
604 1329 711 1400 saepe
728 1308 964 1381 1331311113-

129 1412 258 1483 minus
272 1412 423 1482 revelat
443 1409 551 1500 quod
570 1409 796 1482 meliust
736 1417 805 1482 331.
831 1410 965 1482 —-Sic

131 1521 260 1584 autem
276 1511 370 1584 dent
383 1513 522 1584 fratres
537 1512 745 1584 consilium
758 1532 846 1584 cum
859 1512 965 1583 omni

130 1613 363 1685 humilitatis
384 1613 638 1702 subiectione,
662 1622 795 1686 31333
818 1633 965 1704 praesu·

130 1724 238 1786 mant
269 1713 490 1804 procaciter
521 1712 730 1785 defendere
768 1714 875 1804 quod
908 1715 965 1785 313

131 1816 263 1888 visum
283 1815 410 1903 fuerit,
434 1822 472 1886 et
487 1813 614 1903 magis
631 1814 672 1884 in
687 1815 857 1886 Abbatis
873 1836 966 1906 pen·

132 1915 223 1987 deat
247 1916 422 2004 arbitrio,
445 1925 503 2005 ut,
528 1916 636 2004 quod
657 1915 853 1988 salubrius
879 1937 966 1988 esse

133 2015 378 2101 iudicaverit,
403 2015 440 2087 ei
463 2016 593 2087 cuncti
610 2016 805 2088 obediant.
825 2057 868 2066 π
890 2017 968 2089 Sed

133 2116 235 2187 sicut
259 2116 477 2205 discipulos
499 2118 684 2189 convenit
706 2117 867 2190 obedire
891 2139 967 2190 ma-

133 2217 272 2307 gistro,
303 2217 358 2289 ita
388 2224 426 2288 et
452 2217 583 2306 ipsum
610 2217 775 2308 provide
800 2228 838 2291 et
866 2219 967 2291 iuste

134 2318 322 2390 condecet
337 2326 475 2390 cuncta
492 2317 713 2408 disponere.
733 2359 768 2366 —
787 2319 833 2391 In
847 2321 966 2392 omni·

131 2419 207 2490 bus
223 2417 342 2509 igitur
358 2438 493 2490 omnes
509 2419 736 2508 magistram
755 2430 968 2510 sequantur

133 2520 334 2610 Regulam,
357 2540 484 2610 neque
508 2521 557 2591 ab
579 2541 625 2592 ea
640 2529 783 2594 temere
802 2523 968 2594 decline-

133 2631 196 2693 tur
220 2643 243 2692 a
266 2641 474 2739 quoquam.

220 2721 444 2794 33131311
471 2723 711 2795 monasterio
733 2723 885 2813 proprii
910 2744 967 2795 33-
982 2732 1034 2824 787
1024 2745 1070 2826 33

135 2831 277 2913 quatur
291 2823 423 2895 cord1s
435 2825 687 2896 voluntatem
715 2824 852 2915 Neque
868 2845 967 2915 prae·
954 2787 1076 2889 7-1311.

135 2931 263 2995 sumat
286 2925 494 3015 quisquam
507 2945 594 2996 cum
607 2924 763 2996 Abbate
784 2946 856 2997 suo
880 2946 968 3015 pro·
