2366 3556
444 195 662 266 ..59-

135 370 421 444 habentibus.“¹
460 371 510 442 Et
533 371 624 442 ideo
648 371 706 442 uti
725 371 842 444 debet
864 373 970 444 omni

134 472 253 543 modo
282 481 325 544 ut
353 469 513 562 sapiens
537 473 732 544 medicus:
764 473 969 546 immittere

135 583 388 666 sympaectas,
416 574 459 645 id
485 582 545 646 est
568 575 744 647 seniores
769 574 969 664 sapientes

134 674 274 747 fratres
306 676 374 766 qui
404 677 518 765 quasi
547 684 694 748 secrete
717 677 970 748 consolentur

133 774 292 846 fratrem
321 775 572 847 fluctuantem
603 783 641 848 et
668 785 884 866 provocent
918 778 969 849 ad

133 875 366 948 humilitatis
384 877 693 949 satisfactionem
713 887 751 950 et
766 879 968 950 consolen-

132 984 197 1047 tur
220 997 317 1066 eum,
342 1000 412 1073 „ne
431 979 709 1052 abundantiori
722 979 883 1051 tristitia
903 982 969 1052 ab·
1080 1041 1083 1052 .

135 1077 391 1176 sorbeatur,“²
415 1080 502 1170 sed,
531 1083 633 1153 sicut
662 1081 717 1151 ait
746 1080 839 1152 item
861 1081 968 1170 Apo-

134 1179 270 1267 stolus,
293 1181 540 1253 'confirmetur
562 1183 604 1253 in
626 1203 714 1254 eum
730 1181 908 1268 caritas3²
932 1191 969 1255 et

134 1289 265 1352 oretur
287 1302 360 1371 pro
384 1302 431 1354 eo
456 1285 505 1355 ab
530 1283 723 1357 omnibus.

219 1383 455 1454 Mnuuornnu
498 1385 601 1457 enim
632 1384 749 1456 debet
780 1383 967 1456 sollicitu-

134 1482 264 1554 dinem
287 1505 421 1574 gerere
444 1486 582 1558 Abbas
616 1494 653 1559 et
685 1486 792 1557 omni
818 1486 967 1574 sagaci-

132 1592 211 1657 tate
242 1594 280 1658 et
303 1587 497 1659 industria
517 1607 682 1676 currere,
713 1608 762 1658 ne
795 1587 967 1676 aliquam

132 1686 181 1758 de
207 1688 349 1759 ovibus
374 1689 452 1760 sibi
468 1690 628 1763 creditis
649 1689 799 1779 perdat.
838 1688 967 1759 Nove·

132 1787 183 1858 rit
213 1788 317 1858 enim
348 1810 389 1860 se
416 1790 655 1863 infirmarum
682 1811 815 1862 curam
838 1808 967 1861 susce·

133 1887 242 1976 pisse
267 1889 492 1981 animarum,
522 1914 603 1965 non
627 1912 746 1982 super
769 1901 886 1962 sanas
910 1897 967 1980 ty·

134 1988 352 2079 rannidem3
370 1999 408 2063 et
422 1999 569 2065 metuat
584 1993 795 2082 Prophetae
811 1991 967 2063 commi-

133 2088 333 2160 nationem
350 2111 422 2180 per
439 2112 557 2181 quam
573 2093 669 2164 dicit
683 2092 807 2164 Deus:
832 2091 968 2180 „Quod

134 2208 311 2261 crassum
348 2191 562 2283 videbatis,
608 2192 887 2281 assumebatis,
930 2200 969 2264 et

132 2291 242 2380 quod
272 2292 402 2365 debile
432 2303 528 2385 erat,
560 2293 868 2385 proiciebatis.“³
920 2294 969 2365 Et

133 2391 311 2464 Pastoris
323 2395 419 2467 boni
430 2396 540 2486 pium
553 2397 725 2469 imitetur
735 2396 967 2486 exemplum,

134 2494 203 2584 qui
229 2495 377 2568 relictis
408 2499 796 2588 nonagintanovem
826 2498 967 2569 ovibus

134 2594 174 2665 in
207 2597 406 2669 montibus
446 2599 544 2670 abiit
574 2621 692 2671 unam
726 2619 840 2671 ovem
878 2619 967 2688 quae

133 2705 332 2769 erraverat
349 2718 535 2790 quaerere,
560 2700 671 2773 cuius
688 2700 903 2772 infirmitati
927 2700 967 2771 in

213 2856 218 2883 ¹
235 2851 326 2903 Mattb.
341 2857 368 2918 9,
385 2857 421 2907 12.
441 2857 521 2907 Mare.
537 2859 565 2918 2,
579 2858 615 2905 17.
636 2856 698 2905 Luc.
709 2857 731 2917 5,
743 2855 781 2905 31.
814 2859 824 2889 ²
839 2859 861 2906 2.
873 2857 933 2906 Gor.
944 2859 967 2920 2,

133 2921 211 2984 iseq.
242 2927 252 2956 ³
268 2925 361 2975 Ezeeh.
372 2928 410 2990 34,
422 2929 437 2976 3
448 2943 501 2992 seq.
