2356 3564
436 205 657 284 ³91*

185 390 245 444 LV.
281 390 335 444 DE
354 388 564 446 VESTIARIO
583 387 663 444 VEL
681 385 905 444 CALGEARIO

442 471 643 527 FRATRUM.

213 587 455 658 Vusrmuum
471 587 657 659 fratribus
674 587 890 660 secundum
904 588 960 658 lo·
978 580 1001 670 7⁷5
1012 588 1063 680 ἓξὲξ,
1171 587 1172 672 J

127 707 261 758 corum
307 689 535 778 qualitatem
576 689 646 759 ubi
681 688 861 760 habitant
895 688 961 759 vel
981 679 1057 722 ⁷³⁰⁰·

127 794 259 860 a'e'rum
281 790 509 880 temperiem
532 789 686 878 dentur,
715 789 808 879 quia
832 789 873 859 in
896 788 960 860 fri·
1171 801 1172 804 ’

125 889 230 978 gidis
252 891 480 980 regionibus
497 889 665 980 amplius
689 889 896 978 indigetur,
920 889 961 958 in

126 989 267 1060 calidis
291 1011 385 1062 vero
410 991 549 1062 minus.
594 989 692 1060 Haec
716 1008 809 1079 ergo
834 989 959 1060 consi-

127 1088 277 1162 deratio
301 1111 423 1180 penes
446 1090 643 1162 Abbatem
667 1098 735 1160 est.

211 1190 296 1262 Nos
311 1199 441 1262 tamen
459 1187 725 1262 mediocribus
739 1189 839 1260 locis
856 1188 959 1259 sulfi-

125 1311 212 1362 cere
236 1292 431 1363 credimus
459 1290 664 1362 monachis
687 1310 759 1380 per
782 1289 959 1378 singulos

126 1394 318 1464 cucullam
330 1401 368 1464 et
379 1393 551 1467 tunicam
563 1391 769 1479 (cucullam
781 1391 822 1460 in
831 1390 959 1460 hieme

124 1494 340 1584 vellosam‚‘
363 1494 403 1564 in
426 1501 569 1566 -aestate
596 1512 735 1584 puram
763 1499 830 1562 aut
851 1498 959 1563 vetu-

126 1596 248 1682 stam),
272 1602 310 1665 et
333 1595 538 1684 scapulare
561 1601 724 1683 propter
747 1612 878 1682 opera,
903 1591 960 1661 in·

125 1694 309 1766 dumenta
345 1694 490 1784 pedum
523 1693 687 1782 pedules
725 1699 763 1764 et
800 1692 959 1783 caligas,
1066 1721 1067 1724 ¹

124 1794 182 1866 De
206 1815 372 1884 quarum
393 1816 522 1866 rerum
546 1796 719 1868 omnium
738 1795 869 1866 colore
894 1801 960 1863 aut

125 1896 391 1982 grossitudine
401 1916 481 1968 non
492 1893 904 1980 causenturmonachi;
917 1931 960 1940 -

126 1994 197 2065 sed
220 1997 356 2084 quales
379 1996 548 2067 inveniri
561 2004 729 2086 possunt
744 1996 785 2065 in
800 1995 959 2084 provin-

126 2095 187 2166 cia
210 2115 288 2185 qua
312 2095 468 2184 degunt,
493 2104 559 2167 aut
583 2096 691 2187 quod
713 2096 834 2168 vilius
858 2115 959 2167 com·

124 2196 257 2284 parari
283 2204 424 2285 potest.
468 2196 606 2268 Abbas
632 2206 760 2270 autem
785 2199 833 2270 de
855 2219 959 2270 men·

126 2317 217 2367 sura
240 2297 458 2387 provideat,
482 2306 525 2368 ut
547 2319 627 2369 non
648 2299 726 2370 sint
745 2309 854 2371 curta
870 2300 958 2389 ipsa

124 2397 358 2470 vestimenta
370 2398 569 2470 utentibus
582 2420 629 2471 ea
642 2400 715 2472 sed
724 2409 959 2473 mensurata.

210 2499 462 2588 Accipientes
497 2520 603 2572 nova
637 2507 771 2574 vetera
805 2522 960 2591 semper

124 2599 291 2671 reddant
313 2600 354 2670 in
376 2601 563 2690 praesenti
584 2602 813 2691 reponenda
833 2603 874 2673 in
894 2624 959 2675 ve-

125 2700 262 2771 stiario
278 2706 440 2791 propter
455 2721 661 2792 pauperes,
689 2701 840 2774 Sufficit
856 2703 958 2775 enim

123 2802 316 2873 monacho
334 2802 432 2874 duas
449 2803 601 2875 tunicas
618 2813 656 2876 et
672 2804 770 2874 duas
785 2805 958 2878 cucullas

123 2901 269 2972 habere
297 2910 459 2991 propter
485 2910 621 2976 noctes
650 2911 688 2974 et
713 2913 876 2996 propter
891 2907 957 2976 la·
