2356 3564
523 163 762 240 ..112...

224 349 302 413 tem
323 341 499 432 regulam
525 341 673 431 saepius
696 342 878 414 volumus
902 337 943 410 in
968 358 1058 412 con·
1169 355 1170 386 ³

225 443 452 532 gregatione
475 443 565 532 legi,
587 463 636 514 ne
661 443 749 533 quis
772 443 935 514 fratrum
950 461 992 512 se
1010 441 1059 512 de
1169 447 1170 450 ’

225 543 449 631 ignorantia
472 552 641 615 excuset.

332 741 451 798 uxvu.
488 741 782 800 susurramus
802 741 843 802 lu
857 739 955 800 VIAM
984 707 1004 744 ²

514 863 516 866 .
546 825 737 892 umacus.

123 955 217 1056 {3333}
316 941 522 1014 Draruuum
541 943 681 1015 iratres
704 941 747 1015 in
760 941 867 1014 viam
890 912 1062 1015 omnium

121 1057 215 1099 eadee·
230 1044 392 1116 fratrum
413 1043 479 1116 vel
497 1044 667 1118 Abbatis
696 1062 738 1116 se
768 1043 938 1116 orationi
961 1063 1062 1117 eom·

230 1144 427 1233 mendent;
476 1154 514 1216 et
556 1165 710 1235 semper
754 1143 806 1218 ad
846 1143 1065 1216 orationem

230 1245 407 1318 ultimam
446 1245 586 1336 Operis
624 1243 701 1321 Dei
746 1244 1063 1320 commemoratio

233 1347 405 1420 omnium
428 1345 649 1422 absentium
670 1347 747 1422 fiat.

318 1447 572 1522 Revertentes
601 1454 730 1523 autem
760 1447 809 1520 de
831 1446 899 1521 via
925 1445 1065 1518 iratres

233 1550 323 1637 ipso
340 1548 404 1622 die
421 1568 499 1637 quo
516 1547 690 1637 redeunt,
712 1567 785 1638 per
800 1567 935 1624 omnes
952 1567 1066 1620 cano-

233 1651 343 1721 nicas
367 1649 509 1737 Horas,
534 1649 626 1723 dum
649 1649 829 1740 expletur.
851 1649 960 1741 Opus
982 1648 1067 1738 Dei,
1169 1719 1170 1728 a

234 1749 422 1839 prostrati
445 1749 531 1821 solo
549 1748 720 1821 Oratorii
740 1751 789 1822 ab
807 1751 988 1826 omnibus
1002 1770 1068 1840 pe·
1169 1805 1170 1810 a

234 1858 318 1924 tant
349 1849 567 1923 orationem
594 1858 756 1940 propter
785 1871 988 1940 excessus,
1019 1869 1069 1920 ne

237 1952 305 2042 qui
342 1952 442 2026 iorte
480 1949 747 2040 subripuerint
780 1951 821 2023 in
857 1952 925 2026 via
957 1951 1069 2023 visus

238 2056 305 2122 aut
331 2047 488 2126 auditus
511 2047 627 2119 malae
655 2048 714 2124 rei
743 2056 810 2122 aut
840 2047 961 2124 otiosi
992 2067 1070 2120 ser·

235 2169 375 2220 mon1s.
1169 2155 1170 2228 Ξ

269 2331 271 2336 ,
325 2249 409 2320 Nus
439 2263 645 2318 pausatura
683 2250 891 2340 quisquam
926 2247 1072 2320 referre
1169 2265 1170 2314 r

240 2350 318 2422 alio
339 2369 595 2441 quaecumque
608 2350 706 2424 ioris
721 2348 1000 2425 monasterium
1015 2349 1073 2424 vi·
1169 2381 1170 2430 2

241 2451 341 2524 derit
353 2457 420 2522 aut
433 2451 610 2541 audierit,
621 2451 715 2542 quia
726 2451 896 2541 plurima
905 2450 1075 2526 destruc-

239 2554 296 2624 tio
320 2559 389 2627 est
411 2590 462 2615 .-
489 2551 604 2635 Quod
632 2553 668 2624 si
695 2552 783 2642 quis
815 2571 1075 2642 praesumpse-

240 2653 302 2741 rit,
325 2653 512 2725 vindictae
534 2652 706 2742 regulari
729 2652 949 2735 subiaceat;
969 2645 1075 2725 sitni-
1169 2705 1170 2712 a

241 2754 331 2824 liter
354 2761 392 2830 et
415 2754 483 2843 qui
498 2753 795 2843 praesumpserit
809 2753 980 2828 claustra
995 2771 1076 2824 mo·
1160 2713 1170 2834 i

242 2853 405 2924 nasterii
429 2853 563 2942 egredi
585 2853 651 2926 vel
673 2872 918 2946 quocumque
939 2852 996 2928 ire
1011 2852 1079 2928 vel
