2356 3564
435 185 658 258 „33-

128 384 253 454 usque
289 383 434 435 nonam
473 380 608 435 omnes
643 363 684 432 in
716 382 817 453 opus
851 384 965 434 suum

128 463 309 537 laborent
337 462 446 553 quod
475 462 532 534 eis
563 463 789 553 iniungitur.
842 464 964 536 Facto

130 571 258 638 autem
288 564 416 655 primo
446 563 562 653 signo
592 563 720 636 Nonae
748 564 869 636 Horae
900 565 964 636 de·

129 666 292 754 iungant
321 665 370 737 ab
395 683 515 753 opera
544 685 617 736 sua
643 665 789 754 singuli
818 672 855 736 et
886 666 965 736 sint

128 766 267 856 parati
298 765 391 836 dum
414 765 629 838 secundum
653 766 809 856 signum
833 767 964 855 pulsa·

127 867 239 938 verit.
277 865 374 938 Post
393 865 649 938 relectionem
673 874 803 940 autem
822 873 964 940 vacent

128 967 364 1038 lectionibus
389 967 472 1038 suis
497 974 563 1039 aut
585 967 761 1057 psalmis.

150 1135 152 1142 ,
214 1067 261 1138 ln
291 1066 612 1156 Quadragesimae
642 1088 737 1140 vero
770 1067 910 1139 diebus
941 1087 965 1136 a

127 1188 403 1257 manensque
438 1167 594 1239 tertiam
632 1169 790 1258 plenam
822 1173 964 1240 vacent

127 1269 364 1341 lectionibus
381 1268 464 1340 suis
489 1275 527 1339 et
545 1290 671 1360 usque
686 1269 880 1340 decimam
894 1267 963 1338 ho·

127 1391 212 1441 ram
234 1369 392 1460 plenam
413 1378 624 1460 operentur
640 1370 747 1459 quod
763 1369 821 1443 eis
837 1368 964 1440 iniun-

156 1470 242 1544 itur.
992 1517 995 1521 -

129 1491 154 1561 g
201 1574 258 1644 =1u
280 1587 412 1648 oureus
457 1572 596 1644 diebus
642 1570 1074 1676 Quadragesimae³3⁰6n3p

129 1673 326 1763 accipiant
354 1692 489 1744 omnes
515 1672 693 1762 singulos
726 1671 884 1744 codices
916 1665 1070 1741 deosuv'·
1173 1665 1174 1672 ’

127 1774 371 1847 bibliotheca
400 1793 500 1862 quos
528 1793 599 1863 per
623 1772 802 1845 ordinem
830 1791 879 1843 ex
907 1771 964 1843 in·

128 1884 238 1963 tegro
273 1875 415 1964 legant.
461 1874 538 1958 Qui
568 1874 727 1946 codices
762 1873 804 1944 in
835 1871 964 1962 capite

128 1975 450 2066 Quadragesimae
489 1974 611 2045 dandi
656 1980 830 2045 sunt-
860 1974 963 2046 Ante

103 2075 105 2080 ‘
129 2075 260 2146 omnia
284 2095 378 2145 sane
403 2074 636 2163 deputentur
662 2094 764 2144 unus
794 2082 860 2145 aut
884 2074 962 2146 duo

128 2175 304 2248 seniores
329 2175 398 2265 qui
424 2175 661 2246 circumeant
683 2175 963 2246 monasterium

127 2276 238 2347 horis
270 2275 414 2364 quibus
444 2283 588 2349 vacant
622 2276 762 2346 fratres
792 2275 963 2364 lectioni,

128 2383 167 2448 et
186 2375 362 2463 videant,
391 2396 440 2447 ne
470 2376 569 2448 forte
598 2375 821 2448 inveniatur
844 2374 964 2445 frater
1086 2453 1089 2460 f

129 2476 337 2550 acediosus
366 2476 437 2565 qui
464 2485 581 2549 vacat
608 2477 689 2549 otio
722 2482 788 2548 aut
817 2473 962 2546 fabulis
1172 2481 1173 2492 ’

129 2585 168 2649 et
187 2598 268 2650 non
290 2584 350 2649 est
372 2577 545 2649 intentus
561 2576 722 2649 lectioni
745 2583 782 2647 et
802 2595 883 2646 non
903 2595 964 2646 so·

127 2676 209 2748 hun
238 2677 315 2758 sibi
337 2677 489 2750 inutilis
518 2685 593 2766 est,
624 2677 697 2748 sed
725 2676 843 2748 etiam
864 2675 965 2747 alios

129 2778 306 2850 distollit.
322 2816 364 2829 »-
378 2777 456 2850 Hic
471 2777 563 2850 talis
580 2777 628 2866 si,
652 2777 759 2868 quod
776 2775 890 2865 absit,
905 2796 964 2846 re-

129 2887 265 2970 pertus
288 2878 420 2968 fuerit,
444 2878 681 2970 conipiatur
702 2876 825 2950 semel
845 2883 885 2950 et
908 2897 965 2950 se·

823 2999 861 3055 6*
