2366 3556
523 207 740 280 45..
999 227 1002 232 -
1161 153 1172 298 l

301 379 466 453 Olficina
481 401 588 470 vero,
611 383 679 454 ubi
701 383 786 454 haec
808 372 1046 455 omnia'dili-
1164 452 1167 458 ,

212 489 347 570 genter
369 501 584 572 operemur,
609 482 779 556 claustra
803 494 892 557 sunt
914 506 1046 558 mona·
1171 497 1172 548 l

213 584 322 654 sterii
346 592 384 655 et
407 584 603 656 stabilitas
627 584 668 655 in
691 587 1003 676 congregatione.

430 792 464 848 v.
500 791 553 846 DE
573 791 825 850 OBEDOENTIA.

109 921 196 966 22-1211·
300 917 446 988 Parnus
469 917 702 992 humilitatis
726 920 871 1008 gradus
896 927 955 992 est
979 921 1045 992 ob-

100 977 198 1081 litii:
212 1016 383 1090 edientia
406 1018 490 1090 sine
511 1039 630 1091 mora.
669 1019 766 1091 Haec
782 1020 965 1092 convenit
983 1021 1045 1093 his
1162 1013 1173 1093 -l

212 1120 279 1209 qui
302 1120 402 1192 nihil
426 1121 503 1192 sibi
523 1121 720 1193 aChristo
745 1122 873 1193 carius
894 1120 1046 1211 aliquid
1172 1113 1173 1142 ³

211 1222 446 1294 existimant.
1172 1291 1173 1320 ἦ

298 1322 465 1413 Propter
494 1322 699 1394 servitium
729 1331 906 1394 sanctum
937 1323 1045 1412 quod

210 1423 381 1512 professi
412 1431 502 1496 sunt
534 1443 603 1494 seu
631 1432 793 1512 propter
814 1431 959 1495 metum
981 1444 1045 1513 ge·

211 1523 351 1594 hennae
374 1525 439 1596 vel
462 1521 628 1614 gluriam
645 1524 738 1594 vitae
760 1531 928 1612 aeternae,
951 1543 1044 1594 mox

210 1632 252 1695 ut
276 1624 428 1715 aliquid
449 1626 682 1715 imperatum
705 1624 894 1696 amalore
918 1624 1043 1708 luerit,

90 1719 93 1726 ’
211 1746 256 1797 ac
280 1726 315 1797 si
337 1726 527 1800 divinitus
547 1727 768 1816 imperetur,
792 1745 942 1796 moram
961 1725 1044 1815 pati

209 1827 387 1898 nesciant
415 1827 456 1898 in
479 1826 671 1899 faciendo.
717 1825 775 1897 De
799 1826 943 1917 quibus
966 1825 1043 1898 Do-

210 1927 339 1999 minus
363 1926 473 2000 dicit:
497 1927 718 2018 „Obauditu
740 1928 846 2000 auris
868 1929 1045 2000 obedivit

210 2028 365 2114 mihi;“¹
383 2030 570 2101 etiterum
584 2028 679 2100 dicit
688 2028 932 2101 doctoribus:
947 2029 1044 2119 „Qui
1173 2039 1174 2056 ¹

210 2148 283 2202 vos
301 2129 425 2220 audit,
440 2151 501 2202 me
519 2129 682 2202 auditur
700 2169 743 2178 -
763 2129 867 2219 Ergo
886 2131 1044 2202 hitales

209 2231 474 2320 relinquentes
504 2233 636 2304 statim
665 2252 755 2322 quae
782 2253 854 2304 sua
886 2240 975 2303 sunt
1007 2240 1045 2303 et

209 2330 453 2403 voluntatem
474 2333 677 2422 propriam
704 2333 928 2404 deserentes
951 2352 1045 2402 mox

210 2432 464 2522 exoccupatis
492 2433 674 2505 manibus
697 2442 735 2505 et
752 2434 859 2524 quod
876 2434 1044 2522 agebant

210 2531 479 2621 imperfectum
514 2533 778 2623 relinquentes
813 2533 945 2607 vicino
977 2535 1044 2606 ob·

211 2633 394 2706 edientiae
424 2634 525 2724 pede
558 2635 728 2707 iubentis
757 2654 895 2707 vocem
929 2634 1043 2706 lactis

211 2743 436 2826 sequuntur,
453 2745 491 2808 et
502 2736 624 2808 veluti
640 2756 719 2807 uno
731 2743 928 2806 momento
945 2757 1043 2826 prae·

281 2869 419 2876 ——.-—-—

290 2935 297 2966 ι
312 2933 452 2995 Ps.17,4n
484 2936 494 2966 τ
510 2934 572 2984 nuc.
585 2934 621 2995 ro,
633 2933 670 3012 ra.
