2366 3556
201 355 370 426 familias
387 355 567 427 utilitatis
588 356 717 428 minus
741 358 912 447 potuerit
927 359 1032 430 inve·
1123 379 1126 438 t

200 455 295 528 nire.
1124 531 1125 536 ,

285 569 545 643 Tantumdem
568 571 708 641 iterum
732 571 814 660 erit,
839 580 891 661 ut,
917 573 952 643 si
976 573 1032 644 in·

171 671 173 676 ’
200 670 332 760 quieto
365 672 431 743 vel
460 670 705 742 inobedienti
728 672 837 761 gregi
859 675 1033 761 pastoris
1124 704 1126 717 ·

199 771 315 842 fuerit
328 772 454 843 omnis
468 770 672 860 diligentia
685 771 881 862 attributa,
894 781 931 845 et
939 795 1034 846 mor·
1124 776 1126 810 ⁷

198 871 304 944 bidis
327 879 474 944 'earum
507 872 660 944 actibus
695 872 880 944 universa
918 873 1035 946 fuerit
1126 873 1127 878 ’

200 994 292 1046 cura
316 973 502 1059 exhibita,
526 979 663 1063 pastor
679 993 812 1045 eorum
828 973 869 1045 in
884 975 1033 1056 iudicio

198 1074 359 1147 Domini
382 1076 587 1147 absolutus
606 1074 711 1147 dicat
728 1097 815 1147 cum
836 1075 1034 1166 Propheta

199 1174 385 1247 Domino:
401 1175 617 1264 „Iustitiam
630 1183 737 1247 tuam
748 1196 829 1247 non
842 1177 1034 1270 abscondi

200 1276 241 1346 in
258 1276 375 1348 corde
396 1296 501 1365 meo,
521 1276 726 1349 veritatem
745 1283 853 1348 tuam
875 1284 913 1349 et
932 1278 1034 1350 salu·

200 1384 282 1448 tare
310 1387 420 1449 tuum
447 1375 561 1464 dixi3¹
597 1376 676 1467 ipsi
705 1383 834 1449 autem
864 1385 1032 1449 contem·

200 1485 336 1548 nentes
353 1484 585 1568 spreverunt
597 1477 706 1566 me“,²
722 1485 760 1549 et
774 1486 866 1574 tunc
880 1477 1033 1552 demum

202 1578 520 1651 inobedientibus
545 1598 649 1649 curae
676 1597 759 1648 suae
784 1577 926 1648 ovibus
950 1598 1033 1669 poe·
1126 1648 1127 1652 ,

189 1701 252 1754 na
272 1681 324 1752 sit
347 1680 404 1751 eis
427 1680 650 1768 praevalens
673 1679 762 1768 ipsa
784 1698 901 1749 mors.
1125 1673 1126 1680 ’
1168 1705 1169 1712 ¹

97 1799 128 1889 ξζ·
141 1795 187 1889 iffi·
288 1795 395 1866 Enoo
422 1814 510 1866 cum
534 1793 678 1883 aliquis
703 1791 869 1882 suscipit
891 1811 1034 1864 nomen

93 1878 402 1984 ¹¹·'⁵01¹t3Abbatis,'·
416 1894 566 1985 duplici
594 1893 710 1964 debet
739 1891 918 1966 doctrina
951 1893 1034 1972 suis

201 2015 374 2084 praeesse
391 1994 648 2085 discipulis—-
659 1993 701 2063 id
713 2003 772 2064 est
786 1992 918 2075 omnia
929 1993 1035 2066 bona

203 2102 240 2167 et
264 2103 399 2167 sancta
422 2096 536 2167 factis
562 2093 731 2184 amplius
762 2113 879 2183 quarn
901 2093 1033 2165 verbis
1126 2114 1128 2170 ς
1164 2107 1165 2133 l

203 2193 1035 2286 ostendat‚—utcapacibusdiscipulisman-
1122 2236 1124 2254 ι

203 2296 294 2368 data
318 2295 476 2367 Domini
498 2297 632 2368 verbis
655 2315 893 2385 proponere,
924 2292 1034 2363 duris
1120 2291 1126 2348 ῖ

123 2479 128 2495 ἱ
203 2396 320 2469 corde
336 2417 431 2469 vero
449 2406 487 2469 et
498 2396 807 2487 simplicioribus
820 2394 935 2464 factis
951 2393 1034 2468 suis
1125 2388 1130 2475 ξ
1161 2391 1162 2418 ¹

203 2498 339 2570 divina
375 2505 574 2588 praecepta
612 2503 840 2569 monstrare.
895 2493 1034 2564 Omnia

202 2621 297 2673 vero
314 2619 403 2690 quae
419 2598 626 2689 discipulis
644 2596 820 2669 docuerit
842 2614 928 2666 esse
945 2614 1034 2666 con·

202 2701 332 2790 traria,
355 2701 396 2771 in
420 2700 503 2771 suis
526 2699 641 2771 factis
661 2697 808 2768 indicet
824 2715 903 2766 non
920 2715 1035 2800 agen·

283 2905 288 2934 ¹
299 2903 343 2952 Ps.
353 2902 391 2965 39,
403 2903 439 2951 11.
471 2903 481 2934 ²
491 2901 527 2951 Is.
538 2902 560 2962 1,
570 2901 592 2949 2.
604 2899 706 2964 (Erech.
717 2900 755 2958 20,
766 2897 816 2960 27.)
