2366 3556
532 163 754 236 „18-

231 340 434 429 cernimur,
455 341 490 412 si
504 341 687 413 meliores
704 340 753 412 ab
770 339 860 410 aliis
877 339 918 410 in
939 339 1065 431 operi·

229 441 304 512 bus
319 441 436 513 bonis
452 449 489 513 et
500 440 668 512 humiles
683 440 938 512 inveniamur.
960 442 1063 532 Ergo
1169 435 1170 438 ’

231 542 396 631 aequalis
413 542 465 614 sit
479 543 528 615 ab
546 562 592 613 eo
611 541 791 613 omnibus
808 542 963 632 caritas,
986 562 1064 614 una

185 641 187 645 ’
229 645 453 734 praebeatur
477 643 518 713 in
542 641 723 714 omnibus
748 644 963 716 secundum
987 663 1064 715 me·

231 741 307 814 rita
329 742 551 833 disciplina.

126 865 158 954 {33
172 858 222 954 {gg
307 855 351 928 ΙΝ
364 873 549 925 nocemus
562 879 634 929 sua
645 876 814 947 namque
822 855 960 932 Abbas
972 878 1063 947 apo·

122 957 413 1030 1³·2011t·stolicam
438 958 555 1030 debet
580 959 690 1029 illam
720 978 875 1048 semper
900 958 1065 1030 formam
1171 1001 1172 1044 i

233 1078 391 1131 servare
415 1059 456 1130 in
473 1080 551 1149 qua
567 1058 676 1132 dicit:
702 1057 868 1148 „Argue
889 1059 1063 1145 obsecra,
1171 1057 1172 1064 ’

233 1159 451 1250 increpa“:¹
476 1159 517 1230 id
534 1168 604 1248 est,
628 1159 797 1232 miscens
820 1159 1063 1248 temporibus
1171 1179 1172 1242 ξ

232 1268 427 1351 tempora,
456 1261 672 1333 terroribus
696 1258 978 1347 blandimenta,
1008 1259 1063 1330 di·

231 1382 317 1432 rum
339 1361 528 1452 magistri,
548 1361 657 1451 pium
673 1358 797 1449 patris
815 1359 997 1431 ostendat
1011 1359 1064 1432 af-

230 1462 390 1552 fectum3
411 1461 453 1533 id
465 1468 524 1532 est
536 1459 854 1550 indisciplinatos
867 1467 906 1532 et
916 1460 1065 1551 inquie·
1172 1483 1173 1555 1

230 1572 294 1636 tos
323 1563 440 1635 debet
464 1560 600 1631 durius
625 1581 803 1649 arguere,
836 1561 1065 1634 obedientes
1172 1557 1173 1586 ³

232 1671 360 1737 autem
384 1669 422 1734 et
443 1662 557 1733 mites
575 1669 612 1732 et
632 1661 838 1753 patientes,
862 1671 904 1735 ut
926 1663 967 1733 in
989 1683 1065 1734 me·
1142 1742 1145 1747 ,

231 1767 308 1838 lius
324 1764 542 1855 proficiant,
566 1763 790 1852 obsecrare3
814 1765 1065 1852 neglegentes
1173 1775 1174 1820 1

233 1874 270 1938 et
293 1870 585 1938 contemnentes
614 1872 657 1936 ut
683 1864 858 1955 increpet
888 1871 926 1935 et
949 1863 1066 1935 corri-

230 1967 316 2058 piat
339 1968 601 2040 admonemus.

318 2083 457 2173 Neque
492 2080 713 2154 dissimulet
746 2088 910 2169 peccata
946 2079 1066 2152 delin-

233 2183 445 2275 quentium,
470 2182 542 2254 sed
563 2203 657 2255 mox
679 2187 722 2253 ut
746 2180 938 2272 coeperint
961 2180 1065 2268 oriri,

231 2283 422 2355 radicitus
446 2303 493 2354 ea
514 2291 557 2355 ut
578 2283 770 2373 praevalet
794 2288 1065 2371 amputetme·

231 2405 317 2457 mor
339 2384 506 2474 periculi
525 2384 617 2455 Heli
640 2381 858 2456 sacerdotis
881 2382 928 2452 de
952 2379 1066 2452 Silo.²

231 2487 280 2558 Et
308 2483 556 2556 honestiores
586 2484 745 2575 quidem
773 2491 889 2571 atque
918 2479 1066 2551 intelle·

233 2587 374 2678 gibiles
399 2585 552 2661 animos
575 2585 703 2676 prima
724 2583 790 2655 vel
813 2581 986 2653 secunda
1000 2581 1067 2652 ad·

233 2687 449 2760 monitione
472 2685 606 2758 verbis
630 2684 832 2774 corripiat,
862 2683 1066 2773 improbos

234 2825 441 2833 ——----———

312 2890 317 2919 ·
334 2890 356 2936 a
367 2887 435 2938 sim.
446 2887 470 2949 2,
479 2887 503 2937 r.
535 2886 583 2935 21.
594 2885 659 2947 neg.
671 2899 708 2934 ec.
719 2884 768 2934 as
