2366 3556
535 185 749 260 „55..

224 370 262 434 et
276 362 480 434 modestia.
497 401 540 410 -
555 362 901 434 Adolescentiores
917 361 1057 434 fratres

224 464 333 534 iuxta
355 485 397 535 se
421 483 500 534 non
523 465 694 535 habeant
716 464 855 553 lector,
877 464 948 535 sed
971 485 1056 553 per·

223 564 336 636 mixti
358 585 445 636 cum
464 565 697 637 senioribus,
735 563 946 654 Surgentes
962 585 1058 637 vero

224 665 275 736 ad
291 665 400 755 Opus
416 665 490 738 Dei
514 666 683 738 invicem
706 685 748 737 se
771 666 971 737 moderate
996 686 1058 737 co·

154 838 160 850 ,
223 767 428 839 hortentur
450 782 613 858 propter
636 768 970 860 somnolentorum
994 789 1057 838 ex-

225 868 460 940 cusationes.

328 1124 439 1181 XXIII.
475 1125 528 1179 DE
546 1125 951 1184 EXGOMMUNIGATIONE

534 1207 758 1264 CULPARUM.

120 1317 237 1470 roff
171 1380 211 1428 a>
314 1361 355 1433 Si
371 1378 453 1438 ours
476 1363 596 1436 frater
610 1372 820 1437 contumax
844 1373 911 1437 aut
926 1365 1057 1438 inobe-

122 1481 209 1578 3³3qu-
226 1464 339 1536 diens
378 1472 445 1537 aut
479 1466 673 1555 superbus
712 1473 778 1536 aut
814 1486 1057 1537 murmurans

225 1565 312 1638 vel
302 1585 342 1634 1n
355 1565 488 1655 aliquo
503 1566 723 1638 contrarius
738 1567 934 1638 exsistens
950 1586 1057 1637 sanc·

224 1675 276 1738 tae
313 1667 475 1755 Regulae
514 1674 558 1741 et
604 1669 814 1758 praeceptis
860 1665 1057 1740 seniorum

227 1786 386 1838 suorum
399 1774 644 1857 contemptor
656 1778 833 1859 repertus
845 1767 976 1840 fuerit:
992 1767 1058 1837 hic

226 1868 440 1939 secundum
463 1867 623 1939 Domini
645 1870 771 1941 nostri
800 1870 1056 1960 praeceprum¹

227 1968 484 2046 admoneatur
509 1970 631 2042 semel
654 1978 692 2042 et
716 1971 889 2043 secundo
911 1975 1057 2042 secrete

227 2090 250 2140 a
274 2070 497 2144 senrorrbus
522 2071 681 2143 suia-
638 2071 747 2143 —Si
771 2092 851 2144 non
880 2069 1057 2143 emenda-

226 2170 343 2342 verilt),
389 2172 616 2261 obiurgetur
653 2174 810 2262 publice
849 2193 979 2245 coram
1018 2190 1057 2241 o·

226 2291 307 2342 mm
335 2293 392 2344 us.

313 2389 355 2461 Si
371 2412 466 2462 vero
483 2411 609 2480 neque
631 2391 689 2462 sic
705 2389 925 2477 correxerit,
951 2389 985 2458 si
1001 2389 1057 2460 in·

226 2492 375 2580 tellegit
405 2493 534 2582 qualis
562 2513 682 2582 poena
705 2492 766 2578 sit,
798 2490 1057 2563 excommuni-

227 2592 374 2664 cationi
390 2594 605 2679 subiaceat3
631 2594 838 2665 sinautem
855 2591 1057 2681 improbus

228 2700 296 2781 est,
320 2695 507 2767 vindictae
531 2695 728 2783 corporali
751 2693 948 2765 subdatur.

307 2918 312 2948 ¹
329 2917 419 2968 unu.
430 2921 467 2982 18,
480 2925 515 2971 lo.
