2356 3564
399 207 641 279 -115-

105 384 310 475 exarserit,
346 384 570 476 disciplinae
602 383 774 474 regulari
809 383 938 455 subia-

105 492 200 573 ceat,
217 485 310 574 quia
327 486 603 575 scriptumest:
620 483 758 574 „Quod
772 484 846 556 tibi
860 502 939 556 non

103 581 167 653 vis
190 582 286 670 fieri,
311 583 389 654 alio
412 603 462 654 ne
484 580 678 659 feceris.“¹

131 805 136 812 ·’
191 794 297 851 LXXI.
332 795 386 852 UT
405 792 650 851 OBEDIENTES
669 790 743 848 SIBI
762 791 851 849 SINT

435 876 608 934 INVICEM.

192 985 436 1057 onimium
459 987 606 1057 bonum
620 1004 701 1056 non
717 985 845 1057 solum
859 985 939 1056 Ab·
954 1008 1041 1056 ream·

104 1086 187 1158 bati
211 1084 475 1157 exhibendum
496 1090 556 1155 est
579 1085 629 1156 ab
653 1084 845 1173 omnibus,
869 1086 939 1157 sed
952 1060 985 1150 {i
994 1069 1061 1173 iiij?

105 1186 223 1258 etiam
246 1186 324 1258 sibi
342 1185 510 1257 invicem
526 1184 581 1256 ita
598 1184 786 1257 obediant
799 1184 939 1256 fratres

105 1288 273 1360 scientes
296 1284 491 1377 perhanc
514 1285 751 1359 obedientiae
773 1285 880 1359 viam
896 1306 939 1357 se

104 1390 228 1461 ituros
253 1389 303 1460 ad
325 1385 461 1458 Deum
506 1387 718 1460 Praemisso
742 1406 836 1476 ergo
860 1387 939 1458 Ab·

104 1490 208 1562 batis
227 1496 294 1561 aut
308 1488 617 1578 Praepositorum
634 1488 701 1578 qui
718 1487 768 1560 ab
785 1506 832 1560 eo
850 1507 939 1560 con·

106 1591 332 1674 stituuntur‚
354 1587 534 1678 imperio,
565 1588 628 1660 cui
650 1609 730 1660 non
752 1587 940 1679 permitti·

105 1713 192 1764 mus
214 1691 370 1782 privata
394 1689 560 1780 imperia
582 1690 778 1780 praeponi,
809 1689 857 1762 de
881 1710 939 1761 ce·

105 1804 189 1864 tero
229 1811 363 1863 omnes
409 1790 582 1864 iuniores
618 1789 818 1879 prioribus
857 1788 940 1861 suis

107 1891 214 1963 omni
231 1890 391 1963 caritate
407 1898 446 1962 et
460 1890 726 1962 sollicitudine
743 1890 939 1963 obediant.

194 2000 308 2084 Quod
331 2001 366 2072 si
389 2000 478 2089 quis
503 2001 773 2074 contentiosus
796 2000 940 2090 reperi·

106 2107 178 2188 tur,
202 2099 445 2188 corripiatur.

194 2209 236 2281 Sl
251 2225 334 2285 ers
349 2216 478 2281 autem
493 2208 613 2282 frater
627 2229 700 2299 pro
718 2207 859 2299 quavis
872 2208 940 2278 mi·

105 2311 212 2382 nima
237 2329 356 2381 causa
381 2310 430 2381 ab
446 2309 603 2382 Abbate
625 2311 691 2383 vel
714 2331 738 2381 a
758 2329 941 2400 quocum-

89 2434 182 2502 ¹que
220 2410 356 2482 Priore
395 2431 468 2483 suo
512 2411 720 2501 corripitur
767 2409 943 2500 quolibet

105 2514 225 2585 modo
257 2513 321 2584 vel
355 2513 389 2584 si
419 2513 560 2585 leviter
591 2512 757 2585 senserit
789 2511 942 2582 animos

106 2614 256 2686 Prioris
285 2613 563 2703 cuiuscumque
592 2622 726 2686 contra
756 2633 799 2684 se
820 2613 942 2684 iratos

107 2716 172 2789 vel
200 2723 416 2787 commotos
446 2715 627 2805 quamvis
650 2715 820 2803 modice,
850 2733 943 2786 mox

187 2923 195 2952 ¹
210 2921 355 2986 Tob.4,16.

805 3018 838 3074 ge
