2356 3564
360 194 666 272 ¹*or--

215 377 393 466 Expleta
431 375 558 466 Opere
596 335 671 447 Dei
710 394 845 448 omnes
883 393 972 448 cum

138 497 290 550 summo
314 477 471 550 silentio
495 482 700 548 exeant
722 477 973 549 ethabeatur

136 579 356 650 reverentia
384 579 536 651 Deo-
557 584 601 649 ut
629 577 705 649 frat
689 584 748 650 ter
777 579 845 668 qui
871 577 971 650 forte
1063 577 1064 584 ’

139 679 216 749 sibi
247 679 499 769 peculiariter
527 679 612 751 vult
641 699 764 766 orare,
794 697 875 750 non
903 679 972 751 im·

65 813 68 818 4
137 779 320 867 pediatur
350 780 509 872 alterius
542 779 804 868 improbitate.
828 779 973 850 -Sed
1010 777 1014 784 ’

138 886 176 950 et
214 879 249 950 si
287 880 385 952 alter
416 882 502 954 vult
536 879 614 952 sibi
646 879 747 950 forte
785 880 972 951 secretius

4 1031 10 1050 .
138 998 261 1068 orare,
292 980 523 1070 simpliciter
552 979 670 1051 intret
698 989 736 1052 et
767 987 861 1068 oret,
891 1000 972 1051 non

137 1079 376 1152 inclamosa
407 1100 516 1169 voce,
553 1081 696 1156 sedin
727 1081 901 1152 lacrimis
934 1087 973 1152 et

136 1180 351 1277 intentione
392 1182 534 1254 cordis.
593 1181 697 1271 Ergo
738 1181 806 1271 qui
844 1181 971 1253 simile

136 1278 237 1370 opus
260 1301 340 1353 non
363 1281 467 1369 iacit,
491 1303 571 1354 non
586 1283 834 1374 permittatur
849 1283 972 1372 expli·

137 1381 214 1452 cito
240 1381 367 1472 Opere
390 1382 465 1454 Dei
492 1383 681 1456 remorari
709 1383 750 1454 in
779 1381 971 1473 Oratorio,

137 1483 238 1554 sicut
261 1483 407 1556 dictum
431 1492 500 1573 est,
520 1505 569 1556 ne
592 1483 693 1575 alius
718 1483 971 1573 impedimen-

135 1587 217 1656 tum
239 1584 421 1674 patiatur.

196 1739 277 1794 nur
312 1725 365 1794 on
383 1736 616 1794 uosrnrous
634 1688 916 1796 susorpmuors

223 1851 353 1924 Onnes
412 1848 735 1939 supervenientes
790 1827 1068 1976 1044111444444

134 1959 335 2040 tamquam
357 1949 552 2022 Christus
569 1949 788 2039 suscipiant
788 1970 845 2037 ur,
877 1929 1065 2038 quiam
990 1937 1072 2018 4144·
1172 2037 1173 2042 ¹

135 2054 222 2143 ipse
239 2052 499 2125 dicturust
439 2057 514 2123 est:
539 2049 720 2139 „Hospes
743 2049 811 2137 fui,
832 2056 870 2121 et
887 2069 970 2120 sus·
1057 2068 1059 2072 ’

136 2153 298 2244 cepistis
332 2171 410 2236 me;
401 2149 451 2190 ·“¹
487 2157 525 2222 et
509 2150 738 2222 tomnibus
774 2169 969 2238 congruus

134 2257 263 2327 honor
286 2253 527 2340 exhibeatur,
550 2251 719 2324 maxime
743 2251 970 2329 domesticis

134 2357 290 2452 fidei-et
311 2352 542 2445 peregrinis.

221 2455 281 2530 Uu
304 2470 402 2521 uaso
432 2453 634 2526 nuntiatus
665 2451 782 2524 fuerit
810 2450 978 2540 hospes?

82 2588 84 2592 ·
136 2563 362 2631 occurratur
384 2555 422 2626 ei
446 2575 469 2626 a
489 2553 625 2626 Priore
649 2553 714 2632 vel
737 2573 760 2624 a
783 2551 970 2622 fratribus

136 2657 347 2734 cumomni
363 2656 494 2737 officio
516 2653 692 2742 caritatis
698 2676 706 2742 ;
730 2659 769 2725 et
789 2652 970 2742 primitus

137 2767 249 2833 orent
270 2757 419 2849 pariter
447 2765 485 2829 et
513 2756 571 2832 sic
601 2754 679 2826 sibi
705 2756 903 2830 socientur
929 2753 971 2827 in

216 2917 223 2946 ¹
238 2915 329 2964 Matth.
341 2915 363 2977 5,
374 2914 413 2963 35.
