2356 3564
534 137 758 211 ἐκ,

227 317 291 382 tur
314 311 350 382 ei
364 310 526 401 Regula,
549 318 592 383 ut
616 311 715 383 sciat
739 311 790 383 ad
810 313 916 403 quod
936 313 1065 403 ingre·

229 410 343 484 ditur.
366 451 409 461 —
437 412 486 483 Et
509 411 544 484 si
568 411 697 484 adhuc
726 420 818 503 stat,
849 421 941 504 post
970 434 1064 504 qua·

226 522 316 587 tuor
333 534 489 586 menses
508 514 648 586 iterum
661 515 857 604 relegatur
873 515 910 587 ei
926 514 1065 588 eadem

226 616 387 706 Regula.
504 641 506 646 ·

312 716 362 789 Et
389 716 424 788 si
451 714 588 786 habita
616 734 748 787 secum
778 714 1063 788 deliberatione

224 817 450 908 promiserit
466 836 509 888 se
525 814 657 888 omnia
672 815 871 887 custodire
895 823 933 888 et
949 837 1062 890 cunc-

224 926 265 990 ta
293 918 371 990 sibi
399 919 590 1009 imperata
618 935 791 1004 servare,
825 923 917 988 tunc
940 917 1061 990 susci-

224 1019 356 1110 piatur
378 1019 419 1091 in
441 1018 745 1109 congregatione
769 1017 898 1090 sciens
922 1025 960 1090 et
972 1020 1135 1108 legeX

224 1121 387 1210 Regulae
416 1119 684 1207 constitutum,
715 1118 823 1208 quod
852 1119 889 1190 ei
918 1139 966 1190 ex
991 1120 1061 1192 illa

226 1220 289 1293 die
315 1241 396 1292 non
426 1219 544 1291 liceat
575 1217 710 1309 egredi
741 1219 789 1290 de
819 1220 1060 1293 monasterio

223 1342 295 1394 nec
324 1322 467 1394 collum
496 1328 677 1393 excutere
701 1322 750 1393 de
774 1322 847 1394 sub
871 1321 964 1410 iugo
987 1322 1061 1394 Re-

223 1422 327 1510 gulae
351 1442 466 1511 quem
490 1422 563 1493 sub
586 1430 666 1494 tam
688 1442 847 1495 morosa
871 1423 1062 1496 delibera-

223 1522 330 1594 tione
346 1521 459 1594 licuit
478 1529 545 1594 aut
560 1543 748 1595 excusare
765 1530 832 1595 aut
848 1523 1060 1614 suscipere.
1165 1575 1166 1620 3

120 1649 210 1750 {33:333
313 1639 580 1712 suscmnunus
597 1647 727 1711 autem
742 1639 783 1710 in
798 1639 978 1720 Oratorio
997 1659 1060 1711 co·
1165 1635 1166 1684 l

122 1749 207 1793 12-d00·
224 1761 308 1813 ram
331 1741 512 1812 omnibus
541 1741 744 1831 promittat
772 1741 820 1812 de
842 1739 1060 1813 stabilitate

224 1863 297 1915 sua
323 1849 362 1914 et
385 1842 643 1914 conversione
664 1862 816 1916 morum
839 1860 999 1912 suorum
1022 1849 1061 1912 et

224 1942 449 2015 obedientia
474 1962 606 2014 coram
620 1943 705 2014 Deo
730 1950 768 2014 et
783 1939 937 2014 Sanctis
962 1941 1058 2031 eiuS,

221 2051 265 2116 ut
288 2043 323 2114 si
347 2042 560 2133 aliquando
586 2044 699 2117 aliter
715 2042 860 2130 fecerit,
885 2042 997 2114 abeo
1015 2063 1059 2114 se
1164 2077 1165 2138 3

223 2143 487 2215 damnandum
510 2144 610 2216 sciat
630 2163 746 2234 quem
760 2141 924 2214 irridet¹
940 2181 982 2190 —
998 2139 1058 2213 De
1164 2147 1165 2185 ¹

223 2265 301 2334 qua
323 2243 586 2334 promissione
606 2263 679 2316 sua
695 2244 814 2315 faciat
828 2242 1059 2333 petitionem

223 2345 275 2416 ad
293 2364 435 2416 nomen
452 2344 682 2419 Sanctorum
698 2364 864 2436 quorum
877 2343 1059 2433 reliquiae

222 2445 279 2516 ibi
303 2453 393 2517 sunt
417 2453 455 2518 et
477 2445 646 2518 Abbatis
670 2445 888 2536 praesentis.
931 2444 1059 2529 Quam

221 2546 451 2636 petitionem
467 2567 585 2618 manu
602 2568 674 2618 sua
689 2545 836 2618 scribat
851 2543 931 2631 (aut
944 2550 1058 2632 certe,
1163 2587 1164 2640 ξ

222 2647 257 2719 si
279 2667 360 2719 non
384 2647 458 2720 scit
474 2646 620 2740 literas,
645 2649 743 2721 alter
765 2648 814 2719 ab
832 2666 878 2719 eo
895 2654 1057 2737 rogatus

222 2791 431 2800 ..—--.--

302 2854 309 2885 ¹
325 2853 416 2917 aaa,
427 2853 449 2903 r.
