2366 3556
536 183 798 282 ssvm..

250 407 401 475 camna,
436 386 502 459 vel
530 385 747 457 editionum
780 408 865 477 prae
900 405 943 456 se
975 385 1085 472 ferre,

248 512 393 601 prioris
418 518 456 583 et
480 511 642 583 alterius
664 511 953 585 emendatioris,

336 638 401 709 Ad
424 638 666 711 laboriosam
694 638 864 732 denique
891 641 1007 711 istam
1030 639 1086 709 in-

197 814 200 819 ·
250 764 504 854 quisitionem
524 765 685 837 adducti
704 787 839 838 sumus
856 787 903 838 eo
924 767 1032 856 quod
1045 765 1086 836 in

250 891 541 981 exemplaribus
575 891 732 963 excusis
765 891 937 965 editores
969 891 1086 982 primi

249 1035 319 1088 eos
332 1005 490 1087 codices
505 1015 744 1105 evulgabant
756 1018 899 1108 quibus
910 1018 951 1088 in
963 1018 1085 1089 choro

249 1143 467 1230 utebantur,
477 1143 546 1214 ubi
555 1143 778 1233 frequenter
788 1164 834 1215 ea
845 1164 934 1234 quae
942 1142 1085 1214 menda

250 1276 288 1340 et
313 1275 476 1358 peccata
503 1274 640 1339 contra
666 1274 865 1356 praecepta
896 1287 1085 1358 gramma-

249 1395 338 1465 ticae
374 1413 462 1465 esse
492 1392 743 1481 videbantur,
781 1399 930 1465 mutata
965 1402 1085 1466 erant.

248 1521 322 1593 Ea'
348 1522 491 1593 deinde
529 1541 618 1611 quae
659 1528 821 1611 propter
855 1522 1085 1595 varietatem

247 1651 460 1722 lectionum
473 1650 683 1723 conciliare
695 1649 909 1740 nequibant
919 1650 984 1721 vel
995 1671 1085 1740 quae

249 1777 555 1866 interpunctioni
587 1778 764 1867 ipsorum
794 1776 1086 1848 reluctabantur

249 1903 521 1992 emendabant,
545 1911 583 1976 et
606 1923 713 1993 saepe
730 1921 938 1993 perperam
960 1922 1085 1974 emen·

251 2031 406 2102 dabant.
452 2029 502 2101 Et
530 2030 566 2102 si
597 2029 834 2120 quandoque
859 2028 910 2100 ad
931 2029 1085 2119 priores

120 2213 122 2216 -
250 2156 408 2229 codices
439 2157 708 2244 recurrebant,
738 2175 923 2227 numerus
952 2155 1086 2227 lectio·

249 2305 342 2356 num
357 2290 395 2355 et
407 2285 587 2357 confusio
602 2283 830 2373 augebatur3
847 2303 967 2354 causa
984 2282 1087 2353 enim

251 2409 523 2482 diversitatum
544 2411 702 2483 latebat.
740 2411 827 2496 Quo
848 2412 993 2484 factum
1017 2419 1086 2500 est,

250 2542 292 2606 ut
314 2542 454 2624 postea
478 2544 615 2608 sancta
628 2536 787 2626 Regula*
801 2558 881 2610 non
898 2538 976 2609 iam
991 2537 1086 2609 inte-

251 2679 318 2750 gre
341 2661 645 2754 intellegeretur,
674 2673 713 2738 et
736 2665 874 2755 optimi
895 2665 988 2736 libri
1011 2665 1087 2736 cla-

251 2786 348 2858 ritas
380 2796 418 2860 et
448 2790 711 2879 perspicuitas
741 2791 957 2863 auferretur
987 2790 1086 2863 eius·

252 2936 327 3016 que
352 2918 564 3009 auctoritas
585 2919 833 3008 minueretur.

268 3019 273 3030 t
