2356 3564
484 191 725 262 ..12ss-

308 521 352 593 ad
374 418 686 594 renovandgritoia
708 519 908 610 Religionis.

279 667 436 739 Gratias
473 667 547 739 tibi
584 687 678 756 ago,
720 667 887 740 Domine
925 669 951 740 J
952 689 1021 741 esu

193 767 347 840 Christe
326 786 454 857 e‚pro
476 767 602 858 gratia
625 767 694 840 illa
717 769 922 858 singulari,
947 791 1025 860 qua
1164 743 1165 748 Ἰ

192 889 253 940 me
289 867 525 941 vilissimum
567 878 815 958 peccatorem
857 870 906 942 de
947 871 1025 942 hoc

194 970 339 1042 saeculo
362 972 531 1083 nequam
546 969 718 1041 eduxisti
743 970 814 1041 et
803 991 844 1040 1n
867 971 944 1042 hoc
966 991 1024 1042 re·

192 1071 450 1161 ligiosissimo
468 1041 614 1142 Ordine
635 1070 687 1142 ad
702 1070 916 1143 solemnem
935 1090 1024 1160 pro·

193 1173 405 1246 sessionem
438 1171 642 1244 admisisti
695 1171 822 1244 Doleo
858 1192 908 1243 ex
940 1178 1030 1267 toto

194 1273 323 1361 corde,
347 1273 455 1363 quod
477 1280 562 1361 grat
564 1271 614 1343 iae
637 1272 729 1343 huic
751 1272 944 1344 nonsatis
967 1293 1025 1346 re·

194 1372 435 1462 sponderim‚
467 1381 505 1444 et
530 1379 639 1445 tanto
667 1373 857 1444 beneficio
885 1372 1025 1445 fuerim

193 1475 380 1563 ingratus.
408 1473 591 1544 Detestor
607 1492 742 1544 omnes
756 1472 1024 1563 neglegentias

194 1575 236 1646 in
257 1574 334 1647 hoc
363 1580 467 1645 statu
490 1574 721 1646 commissas
750 1580 787 1646 et
811 1574 930 1663 quod
944 1582 1026 1645 tam

192 1697 332 1767 parum
359 1674 518 1746 adeius
543 1674 823 1762 perfectionem
850 1673 1026 1764 adspira·

193 1777 326 1852 verim.
363 1776 529 1866 Ignosce
549 1775 656 1861 mihi,
679 1775 786 1847 Deus
803 1776 931 1847 veniae
950 1777 1024 1847 lar·

193 1879 297 1969 gitor
319 1885 357 1948 et
372 1877 553 1948 humanae
570 1876 709 1948 salutis
726 1883 886 1966 amator,
911 1885 949 1948 et
965 1877 1027 1965 da,

192 1987 236 2052 ut
246 1980 312 2051 vel
323 1998 426 2050 nunc
437 1977 596 2050 tandem
606 1986 674 2049 tua
688 1977 815 2066 gratia
827 1977 1026 2068 incipiam,

195 2081 302 2172 quod
319 2080 501 2171 equidem
525 2099 575 2150 ex
598 2078 728 2150 animo
744 2079 861 2169 cupio
886 2087 924 2150 et
937 2099 1028 2168 pro-

194 2201 311 2271 pono.
358 2179 473 2265 Quod
496 2179 531 2251 si
551 2199 612 2250 me
630 2179 735 2250 votis
759 2179 925 2251 necdum
947 2186 1028 2252 tuae

194 2281 392 2354 Maiestati
410 2279 721 2368 obstrinxissem,
744 2301 847 2351 nunc
868 2300 961 2351 sane
985 2281 1030 2352 id

195 2385 374 2472 facerem,
383 2382 553 2472 ideoque
564 2388 711 2472 quanta
721 2379 931 2452 devotione
941 2401 1030 2470 pos-

197 2505 283 2556 sum
305 2483 374 2555 illa
395 2503 499 2553 nunc
514 2502 664 2555 renovo
689 2490 727 2553 et
746 2501 852 2554 novo
873 2482 1028 2555 fervore

196 2585 269 2656 tibi
300 2583 486 2674 promitto
517 2582 770 2654 stabilitatem
800 2590 837 2653 et
868 2601 1029 2654 conver-

197 2686 348 2758 sionem
370 2705 521 2756 morum
540 2704 725 2772 meorum,
746 2692 1029 2774 paupertatem,

198 2786 415 2858 castitatem
447 2791 486 2855 et
516 2783 781 2856 obedientiam
815 2785 1030 2857 secundum

196 2886 386 2975 Regulam
427 2884 553 2958 sancti
589 2884 718 2960 Patris
751 2887 877 2958 nostri
906 2887 1029 2960 Bene·
