2356 3564
406 203 655 280 —105-

112 383 262 456 honore
286 390 324 454 et
347 401 478 456 amore
503 381 660 455 Christi.
703 381 794 472 Ipse
819 389 947 453 autem

114 484 259 574 cogitet
286 484 406 558 etsie
435 504 477 556 se
506 483 706 572 exhibeat,
736 491 780 555 ut
797 483 946 573 dignus

114 584 166 655 sit
188 583 258 655 tali
285 584 446 657 honore.
473 614 517 634 ¹-
543 583 788 674 Ubicumque
818 591 947 657 autem

115 683 192 756 sibi
223 683 388 757 obviant
418 683 576 772 fratres,
612 685 742 758 iunior
775 684 948 776 priorem

113 783 948 874 benedictionempetat;transeuntemaiore

113 886 242 956 minor
264 893 400 976 surgat
422 894 461 958 et
483 887 550 958 det
565 886 603 957 ei
621 887 753 958 locum
768 884 948 973 sedendi3
1036 915 1038 922 v

112 1007 187 1074 ⁵nec
212 993 428 1075 praesumat
454 987 584 1060 iunior
612 987 841 1074 consedere,
871 985 950 1056 nisi

116 1087 153 1157 ei
175 1086 383 1177 praecipiat
405 1089 538 1180 senior
561 1109 666 1177 suus
688 1095 732 1160 ut
754 1088 822 1159 fiat
844 1086 952 1177 quod

117 1188 406 1277 scriptumest:
439 1189 622 1278 „Honore
653 1188 823 1261 invicem
852 1207 951 1278 prae·

116 1286 372 1361 venientes.“¹

203 1412 327 1484 Pusm
356 1412 471 1502 parvi
504 1413 570 1500 vel
604 1409 875 1486 adolescentes
911 1413 953 1483 in

119 1514 299 1588 Oratorio
315 1515 381 1588 vel
397 1513 449 1585 ad
464 1533 620 1586 mensas
637 1535 725 1586 cum
741 1512 953 1604 disciplina

120 1615 278 1688 ordines
303 1633 397 1686 suos
427 1624 730 1705 consequantur3
762 1613 858 1688 ioris
889 1633 953 1684 au-

119 1725 197 1789 tem
219 1716 284 1788 vel
312 1715 450 1787 ubiubi
480 1723 518 1788 et
540 1716 762 1789 custodiam
784 1713 955 1786 habeant

121 1826 159 1890 et
182 1815 443 1906 disciplinam,
465 1838 591 1907 usque
615 1817 708 1888 dum
732 1815 783 1886 ad
806 1814 954 1887 intelle·

121 1917 282 2006 gibilem
304 1925 459 1988 aetatem
482 1916 723 2007 perveniant.

226 2107 331 2168 LXIV.
366 2109 419 2166 DE
438 2110 669 2168 ORDINANDO
687 2109 853 2166 ABBATE.

209 2223 253 2294 In
270 2235 424 2290 assuris
440 2223 687 2296 ordinatione
711 2220 780 2295 iila
803 2239 1025 2330 sempergg
1013 2249 1059 2288 Ρ

124 2322 395 2397 consideretur
414 2323 527 2411 ratio,
550 2331 593 2395 ut
612 2322 678 2394 hic
700 2293 981 2398 constituatur
972 2300 1061 2382 nali]

125 2446 241 2517 quem
265 2423 343 2496 sibi
366 2423 493 2496 omnis
517 2443 682 2497 concors
706 2428 958 2517 congregatio

125 2527 340 2599 secundum
377 2526 556 2598 timorem
589 2526 679 2617 Dei,
719 2526 804 2600 sive
844 2527 961 2600 etiam

125 2643 219 2718 pars
266 2623 446 2716 quamvis
484 2639 608 2716 parva
644 2628 960 2718 congregationis

127 2728 283 2800 saniore
312 2727 480 2799 consilio
508 2727 678 2818 elegerit.
702 2723 745 2778 -ὲ
768 2727 872 2802 Vitae
896 2749 960 2801 au·

207 2909 214 2940 ¹
230 2907 354 2970 nonu,
365 2909 402 2960 10.
