2356 3564
533 186 748 270 ,62-

218 376 320 449 tiens
344 375 457 468 pueri
479 375 544 447 vel
574 344 907 446 adolescentiores
938 382 1052 447 aetate

220 485 286 549 aut
330 476 398 566 qui
443 476 572 548 minus
610 475 835 565 intellegere
875 486 1053 566 possunt,

219 586 365 668 quanta
377 597 497 667 poena
509 576 561 649 sit
573 577 1053 666 excommunicationis,—

218 680 260 751 hi
283 679 394 768 tales,
421 678 514 749 dum
539 677 781 768 delinquunt,
798 686 872 777 'aut
895 679 1053 751 ieiuniis

218 779 350 851 nimiis
373 778 597 868 affligantur
616 787 682 851 aut
703 779 805 850 acris
821 781 1052 852 verberibus

219 887 471 953 coerceantur
494 889 537 954 ut
560 888 755 953 sanentur.

274 1083 382 1139 XXXI.
417 1081 471 1138 DE
490 1081 742 1138 CELLARARIO
761 1081 1001 1139 MONASTERII

518 1165 662 1234 QUALIS
680 1164 750 1222 SIT.

114 1299 197 1390 ⁸3ng
146 1299 208 1338 mn
308 1283 571 1356 CELLARARIUS
616 1281 845 1355 monasterii
886 1283 1052 1399 eligatur

117 1404 136 1442 ⁷
150 1413 201 1444 nov·
193 1380 268 1457 de
285 1383 590 1474 congregatione
607 1383 777 1473 sapienS,
793 1391 874 1456 mat
874 1384 956 1454 uris
971 1405 1052 1456 mo·

217 1488 338 1576 ribus,
360 1485 527 1576 sobrius
550 1505 630 1558 non
652 1486 815 1556 multum
834 1486 948 1574 edax,
971 1506 1052 1557 non

166 1649 171 1654 .
218 1589 354 1676 elatus
367 1608 448 1658 non
460 1541 717 1674 turbulentus
732 1607 812 1658 non
826 1586 1051 1674 iniuriosus,

217 1709 295 1760 non
318 1688 465 1776 tardus,
489 1708 568 1758 non
590 1687 792 1777 prodigus
817 1688 888 1759 sed
910 1688 1050 1760 timens
1166 1737 1167 1744 κ

216 1791 352 1878 Deum,
370 1789 437 1878 qui
453 1789 559 1860 omni
572 1789 868 1879 congregationi
884 1790 935 1861 sit
950 1790 1051 1862 sicut

216 1898 338 1981 pater.

305 1991 441 2064 Curru
480 2000 590 2080 gerat
626 1990 675 2061 de
711 1990 903 2062 omnibus.
959 1990 1049 2062 Sine

216 2093 391 2164 iussione
408 2091 577 2164 Abbatis
601 2089 701 2161 nihil
723 2090 857 2180 faciat3
883 2112 972 2181 quae
995 2093 1050 2164 iu·

215 2195 356 2265 bentur
378 2192 584 2265 custodiat.
608 2191 829 2263 -Fratres
857 2213 937 2264 non
960 2213 1049 2265 con·

215 2295 358 2382 tristet3
388 2293 423 2365 si
452 2293 540 2384 quis
563 2293 683 2365 irater
711 2295 761 2365 ab
786 2313 833 2364 eo
857 2292 957 2365 forte
982 2295 1048 2365 ali-

216 2416 294 2485 qua
310 2394 630 2467 irrationabiliter
645 2394 831 2484 postulat,
847 2414 927 2465 non
943 2415 1048 2485 sper·

214 2496 344 2568 nendo
356 2517 444 2568 eum
457 2494 670 2583 contristet,
680 2494 751 2566 sed
762 2495 1049 2568 rationabiliter

215 2618 303 2669 cum
315 2597 534 2669 humilitate
545 2597 647 2667 male
660 2595 809 2685 petenti
823 2596 1046 2687 deneget-
1149 2683 1153 2690 .

213 2699 398 2770 Animam
425 2718 537 2769 suam
560 2697 757 2768 custodiat
778 2717 927 2769 memor
950 2718 1047 2769 sem·

213 2820 284 2889 per
307 2798 406 2870 illud
429 2797 701 2888 apostolicum,
723 2798 816 2888 quia
837 2798 927 2889 „qui
946 2801 1047 2871 bene
1162 2873 1163 2882 χ

213 2899 503 2984 ministraverit,
527 2897 691 2986 gradum
713 2901 861 2972 bonum
885 2899 962 2973 sibi
987 2921 1047 2971 ac-
