<?xml version="1.0" encoding="UTF-8"?>
<!DOCTYPE html PUBLIC "-//W3C//DTD XHTML 1.0 Transitional//EN"
    "http://www.w3.org/TR/xhtml1/DTD/xhtml1-transitional.dtd">
<html xmlns="http://www.w3.org/1999/xhtml" xml:lang="en" lang="en">
 <head>
  <title>
</title>
<meta http-equiv="Content-Type" content="text/html;charset=utf-8" />
  <meta name='ocr-system' content='tesseract 3.04.00' />
  <meta name='ocr-capabilities' content='ocr_page ocr_carea ocr_par ocr_line ocrx_word'/>
</head>
<body>
  <div class='ocr_page' id='page_1' title='image "./regluasanctipat00benegoog_0125.png"; bbox 0 0 2356 3564; ppageno 0'>
   <div class='ocr_carea' id='block_1_1' title="bbox 483 153 729 228">
    <p class='ocr_par' dir='ltr' id='par_1_1' title="bbox 483 153 729 228">
     <span class='ocr_line' id='line_1_1' title="bbox 483 153 729 228; baseline 0.028 -24"><span class='ocrx_word' id='word_1_1' title='bbox 483 153 729 228; x_wconf 77' lang='lat'>..104-</span> 
     </span>
    </p>
   </div>
   <div class='ocr_carea' id='block_1_2' title="bbox 189 327 1165 622">
    <p class='ocr_par' dir='ltr' id='par_1_2' title="bbox 189 327 1165 622">
     <span class='ocr_line' id='line_1_2' title="bbox 189 327 1028 420; baseline 0.002 -20"><span class='ocrx_word' id='word_1_2' title='bbox 189 327 384 418; x_wconf 90' lang='lat' dir='ltr'>psalmum</span> <span class='ocrx_word' id='word_1_3' title='bbox 406 328 696 420; x_wconf 88' lang='lat' dir='ltr'>imponendum,</span> <span class='ocrx_word' id='word_1_4' title='bbox 719 333 761 404; x_wconf 91' lang='lat' dir='ltr'>in</span> <span class='ocrx_word' id='word_1_5' title='bbox 784 331 905 404; x_wconf 83' lang='lat' dir='ltr'>choro</span> <span class='ocrx_word' id='word_1_6' title='bbox 921 339 1028 404; x_wconf 87' lang='lat' dir='ltr'>stau·-</span> 
     </span>
     <span class='ocr_line' id='line_1_3' title="bbox 191 427 1165 518; baseline 0 -18"><span class='ocrx_word' id='word_1_7' title='bbox 191 427 297 518; x_wconf 90' lang='lat' dir='ltr'>dum;</span> <span class='ocrx_word' id='word_1_8' title='bbox 321 437 360 502; x_wconf 84' lang='lat' dir='ltr'>et</span> <span class='ocrx_word' id='word_1_9' title='bbox 381 429 423 504; x_wconf 88' lang='lat' dir='ltr'>in</span> <span class='ocrx_word' id='word_1_10' title='bbox 440 429 621 504; x_wconf 89' lang='lat' dir='ltr'>omnibus</span> <span class='ocrx_word' id='word_1_11' title='bbox 637 433 796 506; x_wconf 91' lang='lat' dir='ltr'>omnino</span> <span class='ocrx_word' id='word_1_12' title='bbox 809 431 912 504; x_wconf 89' lang='lat' dir='ltr'>loeis</span> <span class='ocrx_word' id='word_1_13' title='bbox 928 439 1028 503; x_wconf 82' lang='lat' dir='ltr'>aetas</span> <span class='ocrx_word' id='word_1_14' title='bbox 1164 497 1165 500; x_wconf 9' lang='lat' dir='ltr'>a</span> 
     </span>
     <span class='ocr_line' id='line_1_4' title="bbox 190 529 1044 622; baseline 0.004 -21"><span class='ocrx_word' id='word_1_15' title='bbox 190 551 270 603; x_wconf 92' lang='lat' dir='ltr'>non</span> <span class='ocrx_word' id='word_1_16' title='bbox 294 529 491 602; x_wconf 84' lang='lat' dir='ltr'>discernat</span> <span class='ocrx_word' id='word_1_17' title='bbox 514 531 672 604; x_wconf 87' lang='lat' dir='ltr'>ordines</span> <span class='ocrx_word' id='word_1_18' title='bbox 696 553 769 606; x_wconf 88' lang='lat' dir='ltr'>neo</span> <span class='ocrx_word' id='word_1_19' title='bbox 782 531 1044 622; x_wconf 69' lang='lat' dir='ltr'>praeiudicet·</span> 
     </span>
    </p>
   </div>
   <div class='ocr_carea' id='block_1_3' title="bbox 94 629 1165 2752">
    <p class='ocr_par' dir='ltr' id='par_1_3' title="bbox 94 629 1165 2752">
     <span class='ocr_line' id='line_1_5' title="bbox 193 629 1028 724; baseline 0.002 -22"><span class='ocrx_word' id='word_1_20' title='bbox 193 632 286 721; x_wconf 88' lang='lat' dir='ltr'>quia</span> <span class='ocrx_word' id='word_1_21' title='bbox 308 629 466 702; x_wconf 82' lang='lat' dir='ltr'><strong>Samuel</strong></span> <span class='ocrx_word' id='word_1_22' title='bbox 494 638 533 703; x_wconf 90' lang='lat' dir='ltr'>et</span> <span class='ocrx_word' id='word_1_23' title='bbox 553 631 696 704; x_wconf 79' lang='lat' dir='ltr'><strong>Daniel</strong></span> <span class='ocrx_word' id='word_1_24' title='bbox 723 632 838 724; x_wconf 87' lang='lat' dir='ltr'>pueri</span> <span class='ocrx_word' id='word_1_25' title='bbox 863 633 1028 723; x_wconf 87' lang='lat' dir='ltr'>presby-</span> 
     </span>
     <span class='ocr_line' id='line_1_6' title="bbox 190 730 1165 822; baseline -0.004 -16"><span class='ocrx_word' id='word_1_26' title='bbox 190 730 614 808; x_wconf 79' lang='lat' dir='ltr'>terosiudieaverunt.¹</span> <span class='ocrx_word' id='word_1_27' title='bbox 649 733 753 822; x_wconf 80' lang='lat' dir='ltr'>Ergo</span> <span class='ocrx_word' id='word_1_28' title='bbox 771 732 947 822; x_wconf 83' lang='lat' dir='ltr'>exceptis</span> <span class='ocrx_word' id='word_1_29' title='bbox 962 730 1028 802; x_wconf 91' lang='lat' dir='ltr'>his</span> <span class='ocrx_word' id='word_1_30' title='bbox 1164 761 1165 818; x_wconf 82' lang='lat'><em>3</em></span> 
     </span>
     <span class='ocr_line' id='line_1_7' title="bbox 193 825 1165 922; baseline -0.006 -18"><span class='ocrx_word' id='word_1_31' title='bbox 193 852 304 922; x_wconf 91' lang='lat' dir='ltr'>quos,</span> <span class='ocrx_word' id='word_1_32' title='bbox 327 839 371 905; x_wconf 89' lang='lat' dir='ltr'>ut</span> <span class='ocrx_word' id='word_1_33' title='bbox 394 825 576 922; x_wconf 79' lang='lat' dir='ltr'>diximus,</span> <span class='ocrx_word' id='word_1_34' title='bbox 601 833 733 906; x_wconf 87' lang='lat' dir='ltr'>altiori</span> <span class='ocrx_word' id='word_1_35' title='bbox 756 833 924 906; x_wconf 90' lang='lat' dir='ltr'>consilio</span> <span class='ocrx_word' id='word_1_36' title='bbox 947 833 1029 904; x_wconf 89' lang='lat' dir='ltr'>Ab·</span> <span class='ocrx_word' id='word_1_37' title='bbox 1164 867 1165 898; x_wconf 73' lang='lat'>÷</span> 
     </span>
     <span class='ocr_line' id='line_1_8' title="bbox 192 932 1165 1025; baseline 0.001 -21"><span class='ocrx_word' id='word_1_38' title='bbox 192 933 265 1004; x_wconf 84' lang='lat' dir='ltr'>ba&#39;s</span> <span class='ocrx_word' id='word_1_39' title='bbox 283 932 505 1022; x_wconf 80' lang='lat' dir='ltr'>praetulerit</span> <span class='ocrx_word' id='word_1_40' title='bbox 524 935 590 1008; x_wconf 88' lang='lat' dir='ltr'>vel</span> <span class='ocrx_word' id='word_1_41' title='bbox 612 933 888 1025; x_wconf 80' lang='lat' dir='ltr'>degradaverit</span> <span class='ocrx_word' id='word_1_42' title='bbox 911 933 1029 1006; x_wconf 88' lang='lat' dir='ltr'>certis</span> <span class='ocrx_word' id='word_1_43' title='bbox 1164 941 1165 944; x_wconf 76' lang='grc'>’</span> 
     </span>
     <span class='ocr_line' id='line_1_9' title="bbox 194 1033 1165 1124; baseline 0.001 -19"><span class='ocrx_word' id='word_1_44' title='bbox 194 1055 243 1105; x_wconf 86' lang='lat' dir='ltr'>ex</span> <span class='ocrx_word' id='word_1_45' title='bbox 260 1033 401 1122; x_wconf 84' lang='lat' dir='ltr'>causis,</span> <span class='ocrx_word' id='word_1_46' title='bbox 424 1033 568 1124; x_wconf 87' lang='lat' dir='ltr'>reliqui</span> <span class='ocrx_word' id='word_1_47' title='bbox 590 1055 724 1107; x_wconf 88' lang='lat' dir='ltr'>omnes</span> <span class='ocrx_word' id='word_1_48' title='bbox 740 1042 783 1106; x_wconf 90' lang='lat' dir='ltr'>ut</span> <span class='ocrx_word' id='word_1_49' title='bbox 798 1042 1030 1108; x_wconf 79' lang='lat' dir='ltr'>convertun-</span> <span class='ocrx_word' id='word_1_50' title='bbox 1164 1075 1165 1096; x_wconf 72' lang='lat'><em>2</em></span> 
     </span>
     <span class='ocr_line' id='line_1_10' title="bbox 193 1132 1165 1226; baseline -0.001 -21"><span class='ocrx_word' id='word_1_51' title='bbox 193 1142 256 1206; x_wconf 92' lang='lat' dir='ltr'>tur</span> <span class='ocrx_word' id='word_1_52' title='bbox 282 1134 337 1206; x_wconf 90' lang='lat' dir='ltr'>ita</span> <span class='ocrx_word' id='word_1_53' title='bbox 366 1132 460 1222; x_wconf 87' lang='lat' dir='ltr'>siut,</span> <span class='ocrx_word' id='word_1_54' title='bbox 493 1142 537 1206; x_wconf 91' lang='lat' dir='ltr'>ut</span> <span class='ocrx_word' id='word_1_55' title='bbox 563 1137 676 1209; x_wconf 87' lang='lat' dir='ltr'>verbi</span> <span class='ocrx_word' id='word_1_56' title='bbox 707 1135 833 1226; x_wconf 84' lang='lat' dir='ltr'>gratia</span> <span class='ocrx_word' id='word_1_57' title='bbox 870 1135 938 1226; x_wconf 93' lang='lat' dir='ltr'>qui</span> <span class='ocrx_word' id='word_1_58' title='bbox 971 1156 1031 1207; x_wconf 90' lang='lat' dir='ltr'>se·</span> <span class='ocrx_word' id='word_1_59' title='bbox 1164 1167 1165 1204; x_wconf 59' lang='lat' dir='ltr'>l</span> 
     </span>
     <span class='ocr_line' id='line_1_11' title="bbox 195 1233 1030 1324; baseline -0.001 -17"><span class='ocrx_word' id='word_1_60' title='bbox 195 1235 324 1307; x_wconf 90' lang='lat' dir='ltr'>cunda</span> <span class='ocrx_word' id='word_1_61' title='bbox 338 1235 436 1306; x_wconf 90' lang='lat' dir='ltr'>hora</span> <span class='ocrx_word' id='word_1_62' title='bbox 453 1235 532 1308; x_wconf 89' lang='lat' dir='ltr'>diei</span> <span class='ocrx_word' id='word_1_63' title='bbox 549 1237 711 1324; x_wconf 86' lang='lat' dir='ltr'>venerit,</span> <span class='ocrx_word' id='word_1_64' title='bbox 732 1237 773 1306; x_wconf 93' lang='lat' dir='ltr'>in</span> <span class='ocrx_word' id='word_1_65' title='bbox 791 1233 1030 1309; x_wconf 85' lang='lat' dir='ltr'>monasterio</span> 
     </span>
     <span class='ocr_line' id='line_1_12' title="bbox 195 1335 1031 1428; baseline 0.002 -22"><span class='ocrx_word' id='word_1_66' title='bbox 195 1335 389 1408; x_wconf 87' lang='lat' dir='ltr'>iuniorem</span> <span class='ocrx_word' id='word_1_67' title='bbox 425 1354 468 1407; x_wconf 87' lang='lat' dir='ltr'>se</span> <span class='ocrx_word' id='word_1_68' title='bbox 506 1337 663 1410; x_wconf 85' lang='lat' dir='ltr'>noverit</span> <span class='ocrx_word' id='word_1_69' title='bbox 698 1337 805 1410; x_wconf 92' lang='lat' dir='ltr'>illius</span> <span class='ocrx_word' id='word_1_70' title='bbox 840 1357 928 1410; x_wconf 87' lang='lat' dir='ltr'>esse</span> <span class='ocrx_word' id='word_1_71' title='bbox 962 1335 1031 1428; x_wconf 91' lang='lat' dir='ltr'>qui</span> 
     </span>
     <span class='ocr_line' id='line_1_13' title="bbox 194 1434 1165 1526; baseline 0.006 -21"><span class='ocrx_word' id='word_1_72' title='bbox 194 1435 323 1525; x_wconf 88' lang='lat' dir='ltr'>prima</span> <span class='ocrx_word' id='word_1_73' title='bbox 334 1434 434 1506; x_wconf 87' lang='lat' dir='ltr'>hora</span> <span class='ocrx_word' id='word_1_74' title='bbox 444 1436 554 1508; x_wconf 88' lang='lat' dir='ltr'>veuit</span> <span class='ocrx_word' id='word_1_75' title='bbox 569 1438 659 1526; x_wconf 89' lang='lat' dir='ltr'>diei,</span> <span class='ocrx_word' id='word_1_76' title='bbox 677 1438 887 1512; x_wconf 85' lang='lat' dir='ltr'>cuiuslibet</span> <span class='ocrx_word' id='word_1_77' title='bbox 902 1439 1032 1510; x_wconf 82' lang='lat' dir='ltr'>aetatis</span> <span class='ocrx_word' id='word_1_78' title='bbox 1164 1443 1165 1476; x_wconf 59' lang='lat' dir='ltr'>l</span> 
     </span>
     <span class='ocr_line' id='line_1_14' title="bbox 198 1535 1165 1630; baseline 0.006 -23"><span class='ocrx_word' id='word_1_79' title='bbox 198 1542 265 1608; x_wconf 89' lang='lat' dir='ltr'>aut</span> <span class='ocrx_word' id='word_1_80' title='bbox 288 1535 491 1626; x_wconf 81' lang='lat' dir='ltr'>dignitatis</span> <span class='ocrx_word' id='word_1_81' title='bbox 516 1537 631 1608; x_wconf 87' lang='lat' dir='ltr'>sit-</span> <span class='ocrx_word' id='word_1_82' title='bbox 654 1539 787 1628; x_wconf 88' lang='lat' dir='ltr'>pueris</span> <span class='ocrx_word' id='word_1_83' title='bbox 807 1560 878 1630; x_wconf 90' lang='lat' dir='ltr'>per</span> <span class='ocrx_word' id='word_1_84' title='bbox 901 1539 1033 1612; x_wconf 88' lang='lat' dir='ltr'>omnia</span> <span class='ocrx_word' id='word_1_85' title='bbox 1164 1549 1165 1576; x_wconf 67' lang='lat'>¹</span> 
     </span>
     <span class='ocr_line' id='line_1_15' title="bbox 199 1636 955 1728; baseline 0.003 -19"><span class='ocrx_word' id='word_1_86' title='bbox 199 1637 249 1709; x_wconf 90' lang='lat' dir='ltr'>ab</span> <span class='ocrx_word' id='word_1_87' title='bbox 273 1637 454 1710; x_wconf 88' lang='lat' dir='ltr'>omnibus</span> <span class='ocrx_word' id='word_1_88' title='bbox 478 1636 690 1728; x_wconf 74' lang='lat' dir='ltr'>disciplina</span> <span class='ocrx_word' id='word_1_89' title='bbox 713 1647 955 1714; x_wconf 79' lang='lat' dir='ltr'>conservata.</span> 
     </span>
     <span class='ocr_line' id='line_1_16' title="bbox 96 1751 1032 1845; baseline 0.01 -29"><span class='ocrx_word' id='word_1_90' title='bbox 96 1778 182 1826; x_wconf 53' lang='lat' dir='ltr'>nnn.</span> <span class='ocrx_word' id='word_1_91' title='bbox 285 1753 464 1826; x_wconf 78' lang='lat' dir='ltr'>Iomousa</span> <span class='ocrx_word' id='word_1_92' title='bbox 485 1751 604 1843; x_wconf 83' lang='lat' dir='ltr'>igitur</span> <span class='ocrx_word' id='word_1_93' title='bbox 625 1756 779 1845; x_wconf 87' lang='lat' dir='ltr'>priores</span> <span class='ocrx_word' id='word_1_94' title='bbox 800 1773 894 1828; x_wconf 88' lang='lat' dir='ltr'>suos</span> <span class='ocrx_word' id='word_1_95' title='bbox 909 1757 1032 1828; x_wconf 88' lang='lat' dir='ltr'>hono·</span> 
     </span>
     <span class='ocr_line' id='line_1_17' title="bbox 94 1839 1165 1947; baseline -0.001 -17"><span class='ocrx_word' id='word_1_96' title='bbox 94 1839 186 1930; x_wconf 55' lang='grc' dir='ltr'>119913ξῖ</span> <span class='ocrx_word' id='word_1_97' title='bbox 199 1864 295 1945; x_wconf 88' lang='lat' dir='ltr'>rent,</span> <span class='ocrx_word' id='word_1_98' title='bbox 319 1853 471 1946; x_wconf 82' lang='lat' dir='ltr'>priores</span> <span class='ocrx_word' id='word_1_99' title='bbox 494 1855 666 1929; x_wconf 88' lang='lat' dir='ltr'>minores</span> <span class='ocrx_word' id='word_1_100' title='bbox 687 1875 781 1929; x_wconf 88' lang='lat' dir='ltr'>suos</span> <span class='ocrx_word' id='word_1_101' title='bbox 799 1857 974 1947; x_wconf 81' lang='lat' dir='ltr'>diligant.</span> <span class='ocrx_word' id='word_1_102' title='bbox 990 1897 1033 1906; x_wconf 85' lang='lat'>—</span> <span class='ocrx_word' id='word_1_103' title='bbox 1164 1869 1165 1920; x_wconf 74' lang='lat' dir='ltr'>l</span> 
     </span>
     <span class='ocr_line' id='line_1_18' title="bbox 198 1954 1033 2048; baseline 0.005 -18"><span class='ocrx_word' id='word_1_104' title='bbox 198 1958 245 2030; x_wconf 92' lang='lat' dir='ltr'>In</span> <span class='ocrx_word' id='word_1_105' title='bbox 267 1956 356 2048; x_wconf 86' lang='lat' dir='ltr'>ipsa</span> <span class='ocrx_word' id='word_1_106' title='bbox 372 1954 637 2046; x_wconf 85' lang='lat' dir='ltr'>appellatione</span> <span class='ocrx_word' id='word_1_107' title='bbox 660 1958 862 2029; x_wconf 88' lang='lat' dir='ltr'>nominum</span> <span class='ocrx_word' id='word_1_108' title='bbox 876 1958 975 2030; x_wconf 87' lang='lat' dir='ltr'>nulli</span> <span class='ocrx_word' id='word_1_109' title='bbox 988 1959 1033 2029; x_wconf 91' lang='lat' dir='ltr'>li·</span> 
     </span>
     <span class='ocr_line' id='line_1_19' title="bbox 202 2057 1035 2149; baseline -0.001 -19"><span class='ocrx_word' id='word_1_110' title='bbox 202 2066 287 2130; x_wconf 85' lang='lat' dir='ltr'>ceat</span> <span class='ocrx_word' id='word_1_111' title='bbox 304 2057 423 2129; x_wconf 88' lang='lat' dir='ltr'>alium</span> <span class='ocrx_word' id='word_1_112' title='bbox 438 2075 538 2146; x_wconf 88' lang='lat' dir='ltr'>puro</span> <span class='ocrx_word' id='word_1_113' title='bbox 555 2058 755 2148; x_wconf 86' lang='lat' dir='ltr'>appellare</span> <span class='ocrx_word' id='word_1_114' title='bbox 770 2059 939 2149; x_wconf 88' lang='lat' dir='ltr'>nomine,</span> <span class='ocrx_word' id='word_1_115' title='bbox 963 2058 1035 2130; x_wconf 88' lang='lat' dir='ltr'>sed</span> 
     </span>
     <span class='ocr_line' id='line_1_20' title="bbox 201 2158 1165 2249; baseline 0 -19"><span class='ocrx_word' id='word_1_116' title='bbox 201 2158 354 2249; x_wconf 87' lang='lat' dir='ltr'>priores</span> <span class='ocrx_word' id='word_1_117' title='bbox 378 2158 551 2230; x_wconf 85' lang='lat' dir='ltr'>iuniores</span> <span class='ocrx_word' id='word_1_118' title='bbox 575 2176 671 2230; x_wconf 87' lang='lat' dir='ltr'>suos</span> <span class='ocrx_word' id='word_1_119' title='bbox 690 2159 853 2232; x_wconf 88' lang='lat' dir='ltr'>fratrum</span> <span class='ocrx_word' id='word_1_120' title='bbox 867 2159 1035 2246; x_wconf 87' lang='lat' dir='ltr'>nomine,</span> <span class='ocrx_word' id='word_1_121' title='bbox 1164 2159 1165 2172; x_wconf 70' lang='lat'><em>&#39;</em></span> 
     </span>
     <span class='ocr_line' id='line_1_21' title="bbox 202 2259 1035 2348; baseline -0.002 -16"><span class='ocrx_word' id='word_1_122' title='bbox 202 2259 376 2332; x_wconf 86' lang='lat' dir='ltr'>iuniores</span> <span class='ocrx_word' id='word_1_123' title='bbox 406 2265 535 2331; x_wconf 88' lang='lat' dir='ltr'>autem</span> <span class='ocrx_word' id='word_1_124' title='bbox 563 2259 717 2348; x_wconf 84' lang='lat' dir='ltr'>priores</span> <span class='ocrx_word' id='word_1_125' title='bbox 752 2279 846 2332; x_wconf 88' lang='lat' dir='ltr'>suos</span> <span class='ocrx_word' id='word_1_126' title='bbox 881 2276 1035 2332; x_wconf 90' lang='lat' dir='ltr'>nonnos</span> 
     </span>
     <span class='ocr_line' id='line_1_22' title="bbox 202 2359 1037 2451; baseline -0.005 -17"><span class='ocrx_word' id='word_1_127' title='bbox 202 2367 355 2450; x_wconf 86' lang='lat' dir='ltr'>vocent,</span> <span class='ocrx_word' id='word_1_128' title='bbox 376 2359 483 2449; x_wconf 89' lang='lat' dir='ltr'>quod</span> <span class='ocrx_word' id='word_1_129' title='bbox 498 2359 738 2451; x_wconf 79' lang='lat' dir='ltr'>intellegitur</span> <span class='ocrx_word' id='word_1_130' title='bbox 751 2367 914 2451; x_wconf 88' lang='lat' dir='ltr'>paterna</span> <span class='ocrx_word' id='word_1_131' title='bbox 929 2380 1037 2432; x_wconf 87' lang='lat' dir='ltr'>reve·</span> 
     </span>
     <span class='ocr_line' id='line_1_23' title="bbox 139 2459 1165 2564; baseline -0.004 -31"><span class='ocrx_word' id='word_1_132' title='bbox 139 2469 142 2476; x_wconf 85' lang='grc'><strong>“</strong></span> <span class='ocrx_word' id='word_1_133' title='bbox 203 2460 339 2533; x_wconf 90' lang='lat' dir='ltr'>rentia.</span> <span class='ocrx_word' id='word_1_134' title='bbox 377 2459 515 2532; x_wconf 86' lang='lat' dir='ltr'>Abbas</span> <span class='ocrx_word' id='word_1_135' title='bbox 531 2468 671 2551; x_wconf 84' lang='lat' dir='ltr'>autem,</span> <span class='ocrx_word' id='word_1_136' title='bbox 693 2460 787 2553; x_wconf 89' lang='lat' dir='ltr'>qula</span> <span class='ocrx_word' id='word_1_137' title='bbox 802 2461 911 2533; x_wconf 85' lang='lat' dir='ltr'>vices</span> <span class='ocrx_word' id='word_1_138' title='bbox 928 2459 1036 2532; x_wconf 85' lang='lat' dir='ltr'>Chri·</span> <span class='ocrx_word' id='word_1_139' title='bbox 1164 2523 1165 2564; x_wconf 30' lang='grc' dir='ltr'>ι</span> 
     </span>
     <span class='ocr_line' id='line_1_24' title="bbox 206 2559 1165 2651; baseline -0.002 -17"><span class='ocrx_word' id='word_1_140' title='bbox 206 2561 257 2634; x_wconf 91' lang='lat' dir='ltr'>sti</span> <span class='ocrx_word' id='word_1_141' title='bbox 280 2559 450 2632; x_wconf 86' lang='lat' dir='ltr'>creditur</span> <span class='ocrx_word' id='word_1_142' title='bbox 473 2577 604 2651; x_wconf 70' lang='lat' dir='ltr'>agere3</span> <span class='ocrx_word' id='word_1_143' title='bbox 633 2561 816 2634; x_wconf 86' lang='lat' dir='ltr'>dominus</span> <span class='ocrx_word' id='word_1_144' title='bbox 840 2569 879 2633; x_wconf 91' lang='lat' dir='ltr'>et</span> <span class='ocrx_word' id='word_1_145' title='bbox 900 2561 1037 2633; x_wconf 89' lang='lat' dir='ltr'>Abbas</span> <span class='ocrx_word' id='word_1_146' title='bbox 1164 2571 1165 2580; x_wconf 76' lang='grc'>’</span> 
     </span>
     <span class='ocr_line' id='line_1_25' title="bbox 205 2655 1165 2752; baseline -0.002 -18"><span class='ocrx_word' id='word_1_147' title='bbox 205 2669 367 2735; x_wconf 87' lang='lat' dir='ltr'>vocetur</span> <span class='ocrx_word' id='word_1_148' title='bbox 388 2694 431 2712; x_wconf 36' lang='grc' dir='ltr'><strong>ἡ</strong></span> <span class='ocrx_word' id='word_1_149' title='bbox 453 2679 534 2733; x_wconf 88' lang='lat' dir='ltr'>non</span> <span class='ocrx_word' id='word_1_150' title='bbox 557 2681 630 2733; x_wconf 88' lang='lat' dir='ltr'>sua</span> <span class='ocrx_word' id='word_1_151' title='bbox 660 2663 940 2752; x_wconf 88' lang='lat' dir='ltr'>assumptione,</span> <span class='ocrx_word' id='word_1_152' title='bbox 968 2659 1038 2732; x_wconf 91' lang='lat' dir='ltr'>sed</span> <span class='ocrx_word' id='word_1_153' title='bbox 1164 2655 1165 2698; x_wconf 80' lang='lat'><em>³</em></span> 
     </span>
    </p>
   </div>
   <div class='ocr_carea' id='block_1_4' title="bbox 287 2866 746 2930">
    <p class='ocr_par' dir='ltr' id='par_1_4' title="bbox 287 2866 746 2930">
     <span class='ocr_line' id='line_1_26' title="bbox 287 2866 746 2930; baseline 0.002 -13"><span class='ocrx_word' id='word_1_154' title='bbox 287 2869 294 2900; x_wconf 82' lang='lat'><strong>¹</strong></span> <span class='ocrx_word' id='word_1_155' title='bbox 311 2871 332 2917; x_wconf 85' lang='lat'>1.</span> <span class='ocrx_word' id='word_1_156' title='bbox 343 2867 488 2929; x_wconf 61' lang='lat' dir='ltr'>Regna-lt</span> <span class='ocrx_word' id='word_1_157' title='bbox 507 2866 746 2930; x_wconf 65' lang='lat' dir='ltr'>Daulatoseqq.</span> 
     </span>
    </p>
   </div>
   <div class='ocr_carea' id='block_1_5' title="bbox 0 0 1197 3564">
    <p class='ocr_par' dir='ltr' id='par_1_5' title="bbox 0 0 1197 3564">
     <span class='ocr_line' id='line_1_27' title="bbox 0 0 1197 3564; baseline 0 0"><span class='ocrx_word' id='word_1_158' title='bbox 0 0 1197 3564; x_wconf 95' lang='lat' dir='ltr'> </span> 
     </span>
    </p>
   </div>
  </div>
 </body>
</html>
