2366 3556
490 152 794 279 ,,,γῙ...Ι
927 177 930 182 ¹

258 383 409 472 litterae,
427 392 516 473 quae
531 384 573 454 in
588 385 829 473 posteriores
843 385 1001 457 codices
1012 385 1097 458 fere
1133 407 1134 464 3

259 530 400 581 omnes,
425 511 517 600 plus
553 511 682 583 minus
721 511 925 602 irrepsere.
970 512 1097 597 Quem
1133 601 1134 606 Ἰ

259 635 435 706 codicem
456 637 559 708 sicut
582 645 621 708 et
640 637 989 711 Vindobonensem
1006 639 1097 711 2232

257 763 420 842 fluxisse
445 764 540 837 dicit
563 767 708 856 „Vetus
723 767 948 857 Disciplina
961 787 1096 838 mona·
1133 757 1134 852 J

258 890 379 962 stica“
413 891 514 981 (pag.
545 893 724 965 tonora
754 895 787 982 e)
820 916 869 967 ex
901 887 976 982 ilio
1002 917 1096 985 apo·

198 1012 200 1016 ’
258 1016 410 1108 grapho
440 1015 682 1110 authentico,
714 1020 822 1110 quod
850 1020 1095 1094 Theodema·

239 1167 335 1234 rus,
357 1147 496 1218 Abbas
515 1145 661 1218 Montis
683 1147 851 1237 Cossini,
876 1146 927 1218 ad
949 1148 1094 1237 glorio·

258 1271 457 1345 sissimum
480 1292 622 1378 regem,
643 1272 679 1344 b.
705 1273 890 1344 Carolum
909 1272 1096 1362 Magnum

256 1401 426 1472 miserat
471 1400 552 1471 Aut
579 1400 654 1472 fuit
679 1401 745 1472 hic
778 1401 905 1473 codex
931 1400 981 1489 de
1008 1421 1095 1490 -quo

256 1525 471 1616 loquuntur
498 1526 713 1599 Grimaltus
743 1535 781 1598 et
807 1527 923 1599 Tatto
952 1528 993 1598 in
1023 1548 1094 1600 sua

258 1653 437 1743 epistola,
462 1661 529 1725 aut
549 1654 622 1726 fuit
646 1653 704 1725 eis
722 1655 923 1744 exemplar
947 1663 984 1726 et
1008 1677 1093 1746 spe-

257 1779 392 1852 cimen.

344 1908 410 1981 Ad
437 1909 588 1999 primos
619 1909 748 1979 tontes
778 1909 937 1984 omnino
966 1929 1093 1981 recur-

257 2034 420 2105 rendum
436 2033 560 2108 fuisse
579 2042 744 2125 apparet
757 2041 949 2124 praeterea
966 2057 1016 2107 ex
1031 2057 1093 2108 co·

259 2159 390 2231 dicum
413 2159 664 2248 originalium
690 2161 980 2252 discrepantiis
1005 2184 1092 2252 quae

120 2371 124 2379 ¹
256 2287 336 2358 nisi
351 2287 392 2360 in
405 2287 692 2377 antiquissimis
706 2288 996 2378 exemplaribus
1014 2310 1091 2360 cer-

227 2453 230 2465 =
257 2421 298 2485 to
334 2413 466 2502 detegi
499 2423 707 2505 nequeunt.
753 2415 840 2499 Qua
874 2415 922 2487 de
955 2436 998 2487 re
1031 2416 1092 2488 vir

259 2540 511 2613 doctissimus
539 2549 577 2612 et
597 2542 715 2614 huius
738 2545 796 2615 rei
819 2544 1091 2633 peritissimus
1133 2579 1134 2584 ,

257 2666 337 2736 Em!
358 2667 404 2738 D.
434 2667 657 2741 Cardinalis
685 2670 720 2742 J.
741 2671 784 2743 B.
808 2671 917 2743 Pitra
943 2671 985 2743 in
1013 2672 1090 2761 epi-

258 2793 361 2863 stola
390 2793 442 2866 ad
463 2814 538 2867 nos
563 2795 657 2867 data
678 2796 743 2884 (27.
768 2796 872 2887 Sept.
899 2798 1010 2886 1880)
1038 2799 1091 2870 ita
1133 2883 1134 2888 Ἰ

258 2919 408 2992 scribit:
440 2920 523 3010 „On
550 2943 652 2994 vous
682 2923 805 2995 devra
829 2944 896 2995 sur
917 2946 971 2996 un
994 2925 1091 3014 sujet
1133 2965 1134 2972 ι
