<?xml version="1.0" encoding="UTF-8"?>
<!DOCTYPE html PUBLIC "-//W3C//DTD XHTML 1.0 Transitional//EN"
    "http://www.w3.org/TR/xhtml1/DTD/xhtml1-transitional.dtd">
<html xmlns="http://www.w3.org/1999/xhtml" xml:lang="en" lang="en">
 <head>
  <title>
</title>
<meta http-equiv="Content-Type" content="text/html;charset=utf-8" />
  <meta name='ocr-system' content='tesseract 3.04.00' />
  <meta name='ocr-capabilities' content='ocr_page ocr_carea ocr_par ocr_line ocrx_word'/>
</head>
<body>
  <div class='ocr_page' id='page_1' title='image "./regluasanctipat00benegoog_0122.png"; bbox 0 0 2356 3564; ppageno 0'>
   <div class='ocr_carea' id='block_1_1' title="bbox 404 189 653 298">
    <p class='ocr_par' dir='ltr' id='par_1_1' title="bbox 404 189 653 298">
     <span class='ocr_line' id='line_1_1' title="bbox 404 189 653 298; baseline -0.008 -37"><span class='ocrx_word' id='word_1_1' title='bbox 404 189 653 298; x_wconf 74' lang='lat' dir='ltr'>-ror-</span> 
     </span>
    </p>
   </div>
   <div class='ocr_carea' id='block_1_2' title="bbox 91 363 1049 2968">
    <p class='ocr_par' dir='ltr' id='par_1_2' title="bbox 105 363 941 638">
     <span class='ocr_line' id='line_1_2' title="bbox 107 363 941 454; baseline -0.005 -16"><span class='ocrx_word' id='word_1_2' title='bbox 107 365 247 454; x_wconf 90' lang='lat' dir='ltr'>tendit,</span> <span class='ocrx_word' id='word_1_3' title='bbox 284 373 424 438; x_wconf 91' lang='lat' dir='ltr'>tractet</span> <span class='ocrx_word' id='word_1_4' title='bbox 455 365 592 436; x_wconf 88' lang='lat' dir='ltr'>Abbas</span> <span class='ocrx_word' id='word_1_5' title='bbox 626 363 853 454; x_wconf 84' lang='lat' dir='ltr'>prudenter,</span> <span class='ocrx_word' id='word_1_6' title='bbox 892 385 941 435; x_wconf 99' lang='lat' dir='ltr'>ne</span> 
     </span>
     <span class='ocr_line' id='line_1_3' title="bbox 106 465 940 557; baseline 0 -21"><span class='ocrx_word' id='word_1_7' title='bbox 106 467 206 538; x_wconf 88' lang='lat' dir='ltr'>forte</span> <span class='ocrx_word' id='word_1_8' title='bbox 229 487 302 557; x_wconf 91' lang='lat' dir='ltr'>pro</span> <span class='ocrx_word' id='word_1_9' title='bbox 329 467 405 538; x_wconf 93' lang='lat' dir='ltr'>hoc</span> <span class='ocrx_word' id='word_1_10' title='bbox 433 466 522 555; x_wconf 85' lang='lat' dir='ltr'>ipso</span> <span class='ocrx_word' id='word_1_11' title='bbox 551 485 640 544; x_wconf 91' lang='lat' dir='ltr'>eum</span> <span class='ocrx_word' id='word_1_12' title='bbox 661 465 853 538; x_wconf 88' lang='lat' dir='ltr'>Dominus</span> <span class='ocrx_word' id='word_1_13' title='bbox 885 465 940 536; x_wconf 92' lang='lat' dir='ltr'>di·</span> 
     </span>
     <span class='ocr_line' id='line_1_4' title="bbox 105 568 260 640; baseline 0 -2"><span class='ocrx_word' id='word_1_14' title='bbox 105 568 260 640; x_wconf 83' lang='lat' dir='ltr'>rexerit.</span> 
     </span>
    </p>

    <p class='ocr_par' dir='ltr' id='par_1_3' title="bbox 91 665 1044 1644">
     <span class='ocr_line' id='line_1_5' title="bbox 195 665 1044 777; baseline 0.001 -39"><span class='ocrx_word' id='word_1_15' title='bbox 195 666 236 738; x_wconf 82' lang='lat' dir='ltr'>Sr</span> <span class='ocrx_word' id='word_1_16' title='bbox 257 683 359 734; x_wconf 83' lang='lat' dir='ltr'>vnao</span> <span class='ocrx_word' id='word_1_17' title='bbox 382 671 475 756; x_wconf 89' lang='lat' dir='ltr'>post</span> <span class='ocrx_word' id='word_1_18' title='bbox 477 685 523 736; x_wconf 91' lang='lat' dir='ltr'>ea</span> <span class='ocrx_word' id='word_1_19' title='bbox 550 665 770 738; x_wconf 86' lang='lat' dir='ltr'>voluerits</span> <span class='ocrx_word' id='word_1_20' title='bbox 772 666 941 738; x_wconf 88' lang='lat' dir='ltr'>tabilita·</span> <span class='ocrx_word' id='word_1_21' title='bbox 955 669 1010 716; x_wconf 61' lang='grc' dir='ltr'>ΡΡᾸΡ</span> <span class='ocrx_word' id='word_1_22' title='bbox 997 685 1044 777; x_wconf 59' lang='lat' dir='ltr'>gr·</span> 
     </span>
     <span class='ocr_line' id='line_1_6' title="bbox 106 729 1049 854; baseline -0.001 -15"><span class='ocrx_word' id='word_1_23' title='bbox 106 776 185 839; x_wconf 89' lang='lat' dir='ltr'>tem</span> <span class='ocrx_word' id='word_1_24' title='bbox 209 788 320 839; x_wconf 90' lang='lat' dir='ltr'>suam</span> <span class='ocrx_word' id='word_1_25' title='bbox 341 767 510 854; x_wconf 90' lang='lat' dir='ltr'>firmare,</span> <span class='ocrx_word' id='word_1_26' title='bbox 537 786 618 837; x_wconf 92' lang='lat' dir='ltr'>non</span> <span class='ocrx_word' id='word_1_27' title='bbox 643 775 829 838; x_wconf 89' lang='lat' dir='ltr'>renuatur</span> <span class='ocrx_word' id='word_1_28' title='bbox 851 729 968 838; x_wconf 75' lang='lat' dir='ltr'>talis</span> <span class='ocrx_word' id='word_1_29' title='bbox 957 781 991 821; x_wconf 74' lang='lat'>1⁶</span> <span class='ocrx_word' id='word_1_30' title='bbox 1003 739 1049 820; x_wconf 97' lang='grc' dir='ltr'>Ρ</span> 
     </span>
     <span class='ocr_line' id='line_1_7' title="bbox 91 867 944 958; baseline 0.005 -22"><span class='ocrx_word' id='word_1_31' title='bbox 91 869 302 954; x_wconf 65' lang='lat' dir='ltr'>,voluntas</span> <span class='ocrx_word' id='word_1_32' title='bbox 319 875 357 939; x_wconf 93' lang='lat' dir='ltr'>et</span> <span class='ocrx_word' id='word_1_33' title='bbox 371 867 541 938; x_wconf 86' lang='lat' dir='ltr'><strong>maxime</strong></span> <span class='ocrx_word' id='word_1_34' title='bbox 555 867 648 956; x_wconf 88' lang='lat' dir='ltr'>quia</span> <span class='ocrx_word' id='word_1_35' title='bbox 662 876 838 958; x_wconf 89' lang='lat' dir='ltr'>tempore</span> <span class='ocrx_word' id='word_1_36' title='bbox 853 868 944 940; x_wconf 91' lang='lat' dir='ltr'>hos·</span> 
     </span>
     <span class='ocr_line' id='line_1_8' title="bbox 107 968 945 1059; baseline 0 -20"><span class='ocrx_word' id='word_1_37' title='bbox 107 969 315 1058; x_wconf 88' lang='lat' dir='ltr'>pitalitatis</span> <span class='ocrx_word' id='word_1_38' title='bbox 336 968 465 1059; x_wconf 89' lang='lat' dir='ltr'>potuit</span> <span class='ocrx_word' id='word_1_39' title='bbox 488 969 572 1039; x_wconf 88' lang='lat' dir='ltr'>eius</span> <span class='ocrx_word' id='word_1_40' title='bbox 592 968 675 1044; x_wconf 88' lang='lat' dir='ltr'>vita</span> <span class='ocrx_word' id='word_1_41' title='bbox 696 968 887 1056; x_wconf 85' lang='lat' dir='ltr'><strong>dignosci.</strong></span> <span class='ocrx_word' id='word_1_42' title='bbox 902 1009 945 1016; x_wconf 87' lang='lat'>—</span> 
     </span>
     <span class='ocr_line' id='line_1_9' title="bbox 108 1067 944 1159; baseline -0.001 -19"><span class='ocrx_word' id='word_1_43' title='bbox 108 1069 223 1154; x_wconf 91' lang='lat' dir='ltr'>Quod</span> <span class='ocrx_word' id='word_1_44' title='bbox 248 1070 282 1141; x_wconf 90' lang='lat' dir='ltr'>si</span> <span class='ocrx_word' id='word_1_45' title='bbox 305 1069 526 1159; x_wconf 89' lang='lat' dir='ltr'>superfluus</span> <span class='ocrx_word' id='word_1_46' title='bbox 543 1075 609 1138; x_wconf 88' lang='lat' dir='ltr'>aut</span> <span class='ocrx_word' id='word_1_47' title='bbox 624 1067 944 1141; x_wconf 84' lang='lat' dir='ltr'>vitiosusiuven·</span> 
     </span>
     <span class='ocr_line' id='line_1_10' title="bbox 106 1167 944 1258; baseline -0.002 -16"><span class='ocrx_word' id='word_1_48' title='bbox 106 1179 170 1242; x_wconf 92' lang='lat' dir='ltr'>tus</span> <span class='ocrx_word' id='word_1_49' title='bbox 195 1170 312 1242; x_wconf 83' lang='lat' dir='ltr'>fuerit</span> <span class='ocrx_word' id='word_1_50' title='bbox 334 1175 509 1258; x_wconf 89' lang='lat' dir='ltr'>tempore</span> <span class='ocrx_word' id='word_1_51' title='bbox 535 1167 835 1258; x_wconf 71' lang='lat' dir='ltr'>hospitalitatis</span> <span class='ocrx_word' id='word_1_52' title='bbox 863 1189 944 1240; x_wconf 90' lang='lat' dir='ltr'>non</span> 
     </span>
     <span class='ocr_line' id='line_1_11' title="bbox 108 1268 943 1358; baseline -0.001 -16"><span class='ocrx_word' id='word_1_53' title='bbox 108 1271 236 1343; x_wconf 91' lang='lat' dir='ltr'>solum</span> <span class='ocrx_word' id='word_1_54' title='bbox 251 1291 332 1342; x_wconf 90' lang='lat' dir='ltr'>non</span> <span class='ocrx_word' id='word_1_55' title='bbox 348 1269 465 1342; x_wconf 90' lang='lat' dir='ltr'>debet</span> <span class='ocrx_word' id='word_1_56' title='bbox 480 1268 625 1341; x_wconf 89' lang='lat' dir='ltr'>sociari</span> <span class='ocrx_word' id='word_1_57' title='bbox 638 1269 796 1358; x_wconf 87' lang='lat' dir='ltr'>corpori</span> <span class='ocrx_word' id='word_1_58' title='bbox 811 1289 943 1341; x_wconf 88' lang='lat' dir='ltr'>mona·</span> 
     </span>
     <span class='ocr_line' id='line_1_12' title="bbox 109 1369 943 1461; baseline 0.001 -19"><span class='ocrx_word' id='word_1_59' title='bbox 109 1371 228 1461; x_wconf 87' lang='lat' dir='ltr'>sterii,</span> <span class='ocrx_word' id='word_1_60' title='bbox 251 1392 388 1444; x_wconf 85' lang='lat' dir='ltr'>verum</span> <span class='ocrx_word' id='word_1_61' title='bbox 411 1369 529 1441; x_wconf 88' lang='lat' dir='ltr'>etiam</span> <span class='ocrx_word' id='word_1_62' title='bbox 553 1370 706 1441; x_wconf 90' lang='lat' dir='ltr'>dicatur</span> <span class='ocrx_word' id='word_1_63' title='bbox 727 1369 764 1441; x_wconf 89' lang='lat' dir='ltr'>ei</span> <span class='ocrx_word' id='word_1_64' title='bbox 778 1369 943 1443; x_wconf 83' lang='lat' dir='ltr'><strong>honeste</strong></span> 
     </span>
     <span class='ocr_line' id='line_1_13' title="bbox 107 1470 944 1561; baseline 0.002 -19"><span class='ocrx_word' id='word_1_65' title='bbox 107 1477 151 1542; x_wconf 89' lang='lat' dir='ltr'>ut</span> <span class='ocrx_word' id='word_1_66' title='bbox 173 1471 361 1561; x_wconf 89' lang='lat' dir='ltr'>discedat,</span> <span class='ocrx_word' id='word_1_67' title='bbox 384 1492 433 1544; x_wconf 88' lang='lat' dir='ltr'>ne</span> <span class='ocrx_word' id='word_1_68' title='bbox 457 1471 541 1543; x_wconf 89' lang='lat' dir='ltr'>eius</span> <span class='ocrx_word' id='word_1_69' title='bbox 562 1470 722 1542; x_wconf 90' lang='lat' dir='ltr'>miseria</span> <span class='ocrx_word' id='word_1_70' title='bbox 741 1471 859 1542; x_wconf 89' lang='lat' dir='ltr'>etiam</span> <span class='ocrx_word' id='word_1_71' title='bbox 875 1471 944 1544; x_wconf 90' lang='lat' dir='ltr'>alii</span> 
     </span>
     <span class='ocr_line' id='line_1_14' title="bbox 108 1573 304 1644; baseline 0 0"><span class='ocrx_word' id='word_1_72' title='bbox 108 1573 304 1644; x_wconf 79' lang='lat' dir='ltr'>vitientur.</span> 
     </span>
    </p>

    <p class='ocr_par' dir='ltr' id='par_1_4' title="bbox 104 1672 952 2968">
     <span class='ocr_line' id='line_1_15' title="bbox 196 1672 942 1762; baseline 0.003 -18"><span class='ocrx_word' id='word_1_73' title='bbox 196 1673 312 1758; x_wconf 86' lang='lat' dir='ltr'>Quod</span> <span class='ocrx_word' id='word_1_74' title='bbox 335 1673 370 1744; x_wconf 91' lang='lat' dir='ltr'>si</span> <span class='ocrx_word' id='word_1_75' title='bbox 399 1691 480 1744; x_wconf 92' lang='lat' dir='ltr'>non</span> <span class='ocrx_word' id='word_1_76' title='bbox 502 1672 620 1744; x_wconf 88' lang='lat' dir='ltr'>fuerit</span> <span class='ocrx_word' id='word_1_77' title='bbox 648 1672 740 1745; x_wconf 87' lang='lat' dir='ltr'>talis</span> <span class='ocrx_word' id='word_1_78' title='bbox 771 1673 839 1762; x_wconf 90' lang='lat' dir='ltr'>qui</span> <span class='ocrx_word' id='word_1_79' title='bbox 865 1694 942 1746; x_wconf 92' lang='lat' dir='ltr'>me-</span> 
     </span>
     <span class='ocr_line' id='line_1_16' title="bbox 107 1772 942 1864; baseline 0.002 -20"><span class='ocrx_word' id='word_1_80' title='bbox 107 1782 238 1846; x_wconf 88' lang='lat' dir='ltr'>reatur</span> <span class='ocrx_word' id='word_1_81' title='bbox 266 1773 410 1864; x_wconf 91' lang='lat' dir='ltr'>proici,</span> <span class='ocrx_word' id='word_1_82' title='bbox 440 1793 521 1844; x_wconf 89' lang='lat' dir='ltr'>uon</span> <span class='ocrx_word' id='word_1_83' title='bbox 552 1773 680 1844; x_wconf 91' lang='lat' dir='ltr'>solum</span> <span class='ocrx_word' id='word_1_84' title='bbox 711 1772 745 1844; x_wconf 93' lang='lat' dir='ltr'>si</span> <span class='ocrx_word' id='word_1_85' title='bbox 775 1774 942 1863; x_wconf 90' lang='lat' dir='ltr'>petierit,</span> 
     </span>
     <span class='ocr_line' id='line_1_17' title="bbox 108 1873 941 1964; baseline 0.004 -21"><span class='ocrx_word' id='word_1_86' title='bbox 108 1873 347 1962; x_wconf 82' lang='lat' dir='ltr'>suscipiatur</span> <span class='ocrx_word' id='word_1_87' title='bbox 385 1873 680 1963; x_wconf 83' lang='lat' dir='ltr'>congregationi</span> <span class='ocrx_word' id='word_1_88' title='bbox 719 1873 941 1964; x_wconf 70' lang='lat' dir='ltr'>sociandus</span> 
     </span>
     <span class='ocr_line' id='line_1_18' title="bbox 106 1973 941 2060; baseline 0 -14"><span class='ocrx_word' id='word_1_89' title='bbox 106 1995 244 2046; x_wconf 84' lang='lat' dir='ltr'>verum</span> <span class='ocrx_word' id='word_1_90' title='bbox 266 1973 384 2045; x_wconf 88' lang='lat' dir='ltr'>etiam</span> <span class='ocrx_word' id='word_1_91' title='bbox 407 1973 619 2045; x_wconf 83' lang='lat' dir='ltr'>suadeatur</span> <span class='ocrx_word' id='word_1_92' title='bbox 633 1981 676 2044; x_wconf 90' lang='lat' dir='ltr'>ut</span> <span class='ocrx_word' id='word_1_93' title='bbox 690 1979 776 2060; x_wconf 89' lang='lat' dir='ltr'>stet,</span> <span class='ocrx_word' id='word_1_94' title='bbox 798 1981 841 2045; x_wconf 90' lang='lat' dir='ltr'>ut</span> <span class='ocrx_word' id='word_1_95' title='bbox 856 1975 941 2046; x_wconf 90' lang='lat' dir='ltr'>eius</span> 
     </span>
     <span class='ocr_line' id='line_1_19' title="bbox 108 2073 942 2164; baseline 0.002 -20"><span class='ocrx_word' id='word_1_96' title='bbox 108 2074 289 2164; x_wconf 85' lang='lat' dir='ltr'>exemplo</span> <span class='ocrx_word' id='word_1_97' title='bbox 324 2073 393 2144; x_wconf 87' lang='lat' dir='ltr'>alii</span> <span class='ocrx_word' id='word_1_98' title='bbox 429 2074 671 2162; x_wconf 85' lang='lat' dir='ltr'>erudiantur,</span> <span class='ocrx_word' id='word_1_99' title='bbox 708 2081 746 2145; x_wconf 90' lang='lat' dir='ltr'>et</span> <span class='ocrx_word' id='word_1_100' title='bbox 778 2075 871 2164; x_wconf 89' lang='lat' dir='ltr'>quia</span> <span class='ocrx_word' id='word_1_101' title='bbox 900 2075 942 2146; x_wconf 91' lang='lat' dir='ltr'>in</span> 
     </span>
     <span class='ocr_line' id='line_1_20' title="bbox 108 2173 942 2264; baseline 0.005 -20"><span class='ocrx_word' id='word_1_102' title='bbox 108 2173 215 2246; x_wconf 89' lang='lat' dir='ltr'>omni</span> <span class='ocrx_word' id='word_1_103' title='bbox 243 2175 332 2245; x_wconf 91' lang='lat' dir='ltr'>loco</span> <span class='ocrx_word' id='word_1_104' title='bbox 359 2174 428 2245; x_wconf 92' lang='lat' dir='ltr'>uni</span> <span class='ocrx_word' id='word_1_105' title='bbox 457 2174 627 2248; x_wconf 90' lang='lat' dir='ltr'>Domino</span> <span class='ocrx_word' id='word_1_106' title='bbox 659 2175 843 2264; x_wconf 84' lang='lat' dir='ltr'>servitur,</span> <span class='ocrx_word' id='word_1_107' title='bbox 874 2178 942 2248; x_wconf 91' lang='lat' dir='ltr'>uni</span> 
     </span>
     <span class='ocr_line' id='line_1_21' title="bbox 106 2274 941 2365; baseline 0.002 -19"><span class='ocrx_word' id='word_1_108' title='bbox 106 2275 206 2365; x_wconf 87' lang='lat' dir='ltr'>Regi</span> <span class='ocrx_word' id='word_1_109' title='bbox 236 2274 433 2347; x_wconf 90' lang='lat' dir='ltr'>militatur.</span> <span class='ocrx_word' id='word_1_110' title='bbox 482 2275 604 2360; x_wconf 86' lang='lat' dir='ltr'>Quem</span> <span class='ocrx_word' id='word_1_111' title='bbox 628 2276 663 2347; x_wconf 92' lang='lat' dir='ltr'>si</span> <span class='ocrx_word' id='word_1_112' title='bbox 686 2277 803 2348; x_wconf 87' lang='lat' dir='ltr'>etiam</span> <span class='ocrx_word' id='word_1_113' title='bbox 824 2278 941 2348; x_wconf 88' lang='lat' dir='ltr'>talem</span> 
     </span>
     <span class='ocr_line' id='line_1_22' title="bbox 106 2375 941 2466; baseline 0 -18"><span class='ocrx_word' id='word_1_114' title='bbox 106 2397 194 2449; x_wconf 88' lang='lat' dir='ltr'>esse</span> <span class='ocrx_word' id='word_1_115' title='bbox 225 2376 472 2466; x_wconf 83' lang='lat' dir='ltr'>perspexerit</span> <span class='ocrx_word' id='word_1_116' title='bbox 503 2375 661 2464; x_wconf 84' lang='lat' dir='ltr'>Abbas,</span> <span class='ocrx_word' id='word_1_117' title='bbox 695 2376 813 2448; x_wconf 89' lang='lat' dir='ltr'>liceat</span> <span class='ocrx_word' id='word_1_118' title='bbox 853 2399 941 2450; x_wconf 92' lang='lat' dir='ltr'>eum</span> 
     </span>
     <span class='ocr_line' id='line_1_23' title="bbox 105 2476 939 2568; baseline 0 -20"><span class='ocrx_word' id='word_1_119' title='bbox 105 2478 146 2548; x_wconf 91' lang='lat' dir='ltr'>in</span> <span class='ocrx_word' id='word_1_120' title='bbox 185 2478 387 2568; x_wconf 90' lang='lat' dir='ltr'>superiore</span> <span class='ocrx_word' id='word_1_121' title='bbox 426 2477 668 2566; x_wconf 90' lang='lat' dir='ltr'>aliquantum</span> <span class='ocrx_word' id='word_1_122' title='bbox 704 2476 939 2548; x_wconf 87' lang='lat' dir='ltr'>constituere</span> 
     </span>
     <span class='ocr_line' id='line_1_24' title="bbox 104 2576 952 2651; baseline 0 -3"><span class='ocrx_word' id='word_1_123' title='bbox 104 2578 204 2650; x_wconf 93' lang='lat' dir='ltr'>loco.</span> <span class='ocrx_word' id='word_1_124' title='bbox 228 2617 272 2626; x_wconf 87' lang='lat'>—-</span> <span class='ocrx_word' id='word_1_125' title='bbox 294 2577 384 2649; x_wconf 92' lang='lat' dir='ltr'>Non</span> <span class='ocrx_word' id='word_1_126' title='bbox 410 2578 538 2651; x_wconf 92' lang='lat' dir='ltr'>solum</span> <span class='ocrx_word' id='word_1_127' title='bbox 558 2585 687 2649; x_wconf 90' lang='lat' dir='ltr'>autem</span> <span class='ocrx_word' id='word_1_128' title='bbox 706 2576 952 2648; x_wconf 86' lang='lat' dir='ltr'>monachum¹</span> 
     </span>
     <span class='ocr_line' id='line_1_25' title="bbox 106 2677 940 2769; baseline 0.002 -22"><span class='ocrx_word' id='word_1_129' title='bbox 106 2678 177 2748; x_wconf 90' lang='lat' dir='ltr'>sed</span> <span class='ocrx_word' id='word_1_130' title='bbox 209 2678 326 2750; x_wconf 88' lang='lat' dir='ltr'>etiam</span> <span class='ocrx_word' id='word_1_131' title='bbox 357 2678 405 2750; x_wconf 93' lang='lat' dir='ltr'>de</span> <span class='ocrx_word' id='word_1_132' title='bbox 441 2678 720 2769; x_wconf 87' lang='lat' dir='ltr'>suprascriptis</span> <span class='ocrx_word' id='word_1_133' title='bbox 752 2677 940 2766; x_wconf 86' lang='lat' dir='ltr'>gradibus</span> 
     </span>
     <span class='ocr_line' id='line_1_26' title="bbox 105 2777 940 2851; baseline 0.001 -3"><span class='ocrx_word' id='word_1_134' title='bbox 105 2778 353 2850; x_wconf 87' lang='lat' dir='ltr'>sacerdotum</span> <span class='ocrx_word' id='word_1_135' title='bbox 393 2780 459 2851; x_wconf 90' lang='lat' dir='ltr'>vel</span> <span class='ocrx_word' id='word_1_136' title='bbox 494 2778 724 2850; x_wconf 91' lang='lat' dir='ltr'>clericorum</span> <span class='ocrx_word' id='word_1_137' title='bbox 764 2777 940 2850; x_wconf 88' lang='lat' dir='ltr'>stabilire</span> 
     </span>
     <span class='ocr_line' id='line_1_27' title="bbox 104 2877 940 2968; baseline 0.001 -20"><span class='ocrx_word' id='word_1_138' title='bbox 104 2885 236 2966; x_wconf 90' lang='lat' dir='ltr'>potest</span> <span class='ocrx_word' id='word_1_139' title='bbox 257 2878 395 2951; x_wconf 85' lang='lat' dir='ltr'>Abbas</span> <span class='ocrx_word' id='word_1_140' title='bbox 417 2878 559 2950; x_wconf 90' lang='lat' dir='ltr'>maiori</span> <span class='ocrx_word' id='word_1_141' title='bbox 578 2898 696 2967; x_wconf 87' lang='lat' dir='ltr'>quam</span> <span class='ocrx_word' id='word_1_142' title='bbox 718 2877 940 2968; x_wconf 90' lang='lat' dir='ltr'>ingrediun-</span> 
     </span>
    </p>
   </div>
   <div class='ocr_carea' id='block_1_3' title="bbox 0 0 1182 3564">
    <p class='ocr_par' dir='ltr' id='par_1_5' title="bbox 0 0 1182 3564">
     <span class='ocr_line' id='line_1_28' title="bbox 0 0 1182 3564; baseline 0 0"><span class='ocrx_word' id='word_1_143' title='bbox 0 0 1182 3564; x_wconf 95' lang='lat' dir='ltr'> </span> 
     </span>
    </p>
   </div>
  </div>
 </body>
</html>
