2356 3564
474 176 744 249 ¹--8r--

216 351 358 441 cundo;
377 351 412 423 si
424 372 504 423 non
517 352 793 443 emendaverit,
809 355 1052 444 correptioni

215 452 386 542 regulari
409 452 611 524 subiaceat
633 453 772 543 taliter,
796 462 840 528 ut
861 457 980 528 ceteri
1000 457 1050 528 ti-

214 561 355 626 meant.
370 592 414 602 —-
428 552 566 644 Neque
582 555 701 626 frater
716 555 767 626 ad
788 556 948 628 fratrem
962 556 1048 629 iun-

215 661 329 744 gatur
347 651 457 736 horis
481 652 847 745 incompetentibus.
1067 650 1070 658 ’
1172 699 1173 738 i

301 753 510 825 Dominico
530 754 623 826 item
647 753 711 826 die
730 755 892 827 lectioni
907 765 1050 828 vacent

215 874 350 927 omnes
375 856 550 945 exceptis
574 855 638 927 his
662 856 730 946 qui
752 857 876 929 variis
906 857 1048 931 officiis
1172 853 1173 920 ἲ

216 956 393 1045 deputati
417 965 518 1028 sunt.

302 1057 344 1129 SI
359 1072 441 1133 otus
464 1077 559 1129 vero
583 1057 645 1130 ita.
659 1059 871 1148 neglegens
893 1065 932 1130 et
947 1057 1049 1130 desi·

111 1213 114 1218 1
215 1157 352 1230 diosus
387 1158 514 1245 inerit,
548 1164 591 1229 ut
623 1179 703 1229 non
733 1158 830 1231 velit
868 1166 934 1231 aut
967 1179 1049 1230 non
1172 1187 1173 1238 3

213 1259 342 1349 possit
356 1258 546 1330 meditare
570 1267 636 1331 aut
657 1259 799 1348 legere,
822 1259 1049 1349 iniungatur
1172 1277 1173 1350 j

214 1360 251 1431 ei
275 1380 376 1450 opus
401 1359 509 1450 quod
531 1359 660 1447 faciat,
684 1367 728 1431 ut
746 1380 827 1433 non
848 1367 972 1432 vacet.
1172 1409 1173 1412 w

300 1459 504 1531 Fratribus
515 1459 678 1532 infirmis
690 1468 756 1533 aut
766 1459 945 1533 delicatis
955 1458 1048 1532 talis
1172 1511 1173 1538 2

215 1581 335 1651 opera
359 1567 426 1632 aut
447 1580 510 1631 ars
526 1559 761 1651 iniungatur‚
784 1569 828 1632 ut
840 1581 913 1632 nec
929 1560 1049 1632 otiosi
1172 1601 1173 1608 κ

214 1660 292 1732 sint
314 1679 388 1732 nec
409 1659 575 1733 violenti
600 1661 750 1734 laboris
778 1661 1049 1752 opprimantur
1172 1667 1173 1670 ’

214 1767 280 1832 aut
315 1760 541 1851 effugentur.
593 1761 766 1845 Quorum
798 1761 1048 1835 imbecillitas
1172 1845 1173 1848 1

214 1862 263 1933 ab
287 1862 443 1933 Abbate
467 1862 755 1934 consideranda
779 1869 847 1934 est.
1172 1885 1173 1902 ¹

212 2050 317 2106 xnix.
335 2047 388 2105 nu
403 2049 727 2118 ounonnoasmra
741 2050 1048 2108 oasunvanonn
1172 2027 1173 2036 ³

101 2180 164 2270 3111,
166 2179 206 2269 sssst
301 2164 417 2234 chuu
440 2165 548 2235 omni
568 2172 743 2254 tempore
759 2163 842 2236 vita
865 2164 1049 2236 monachi

108 2285 140 2322 ³0
148 2294 198 2322 nov·
215 2265 535 2355 Quadragesimae
577 2265 694 2338 debet
731 2265 1049 2337 observationem
1094 2331 1096 2335 ,
1172 2279 1173 2362 g

213 2368 369 2452 habere,
394 2374 524 2438 tamen
544 2367 637 2457 quia
659 2387 875 2457 paucorum
893 2373 952 2438 est
971 2366 1049 2438 ista

213 2467 349 2554 virtus,
363 2467 454 2539 ideo
468 2467 678 2541 suademus
692 2467 780 2540 istis
794 2466 934 2538 diebus
947 2466 1048 2550 Qua·
1172 2479 1173 2552 g

215 2567 449 2657 dragesimae
473 2568 577 2638 omni
600 2569 770 2659 puritate
792 2568 916 2640 vitam
937 2588 1048 2639 suam

214 2667 428 2754 custodire,
453 2687 588 2738 omnes
611 2667 759 2763 pariter
782 2674 820 2739 et
841 2666 1049 2758 neglegen·
1172 2701 1173 2750 3

213 2767 289 2838 tias
333 2767 498 2839 aliorum
539 2775 759 2858 temporum
800 2766 864 2838 his
908 2767 1048 2839 diebus
1172 2831 1173 2836 ,

215 2867 361 2939 sanctis
386 2866 545 2940 diluere.
591 2866 705 2952 Quod
728 2874 821 2940 tunc
847 2865 965 2956 digne
995 2869 1048 2957 fit,
1172 2865 1173 2934 i
