2366 3556
517 193 734 324 ..XT

207 391 286 461 quo
310 371 469 460 scripsit
485 379 644 443 sanctus
660 369 776 442 Pater
791 379 935 460 noster,
956 392 1044 462 par-

205 498 276 569 tim
289 507 419 571 autern
428 497 602 571 librariis
611 497 842 570 tribuendos
856 497 943 569 cese
957 519 1043 570 een·

208 646 349 698 semus.
372 627 555 716 Plerique
567 625 677 697 *enim
692 624 850 697 codices
867 623 946 696 alio
963 625 1043 697 dic-

204 759 310 824 tante
333 753 382 824 ab
405 751 494 824 aliis
517 759 608 824 sunt
628 750 775 841 scripti,
795 758 834 822 et
848 751 890 822 in
903 751 1042 841 primis

205 881 497 970 exemplaribus
513 880 647 951 multae
661 877 958 968 reperiebantur
974 899 1042 951 no-

204 1015 256 1078 tae
281 987 596 1096 compendiarias.
640 1005 758 1090 Quos.
771 1005 1041 1078 barbarismos

204 1155 254 1205 ex
275 1133 447 1206 editione
467 1131 643 1205 manuali
667 1131 928 1204 eliminandos
951 1153 1041 1204 esse

202 1261 439 1350 putavimus
456 1260 527 1332 sed
542 1266 622 1331 tam
634 1265 757 1347 caute,
773 1257 934 1329 utnulla
947 1257 1040 1330 inde

204 1387 413 1476 sententia,
443 1387 551 1458 nulla
578 1385 727 1457 locutio
756 1384 1041 1476 quantamlibet

201 1499 457 1584 mutationem
480 1513 545 1584 vel
569 1510 840 1584 alterationem
866 1511 1038 1585 haberet.

201 1638 393 1712 Omnibus
420 1637 540 1728 igitur
563 1645 712 1711 mature
739 1640 947 1729 perpensis
975 1640 1038 1711 hae

202 1766 299 1836 solae
335 1765 628 1837 emendationes
666 1764 903 1837 necessariae
938 1785 1037 1870 esse,

202 1885 273 1956 sed
297 1894 335 1957 et
359 1887 537 1959 sufficere
562 1887 814 1958 videbantur:

201 2062 258 2116 iam
276 2061 346 2116 oriri
365 2068 515 2132 coeperunt
533 2063 605 2130 (tum
621 2077 645 2117 e.
658 2079 683 2131 g.
696 2077 786 2131 genus
799 2067 933 2118 neutrum
951 2063 1037 2120 inter-

200 2156 243 2211 ire
271 2162 300 2212 et
326 2155 356 2210 in
383 2158 572 2212 masculinum
599 2157 722 2212 transire
749 2159 863 2228 coepit)3
896 2175 965 2213 usus
993 2165 1036 2214 est

198 2251 322 2321 proinde
341 2267 474 2307 sermone
491 2268 549 2322 quo
568 2258 628 2306 tum
641 2253 726 2307 etiam
744 2254 850 2308 eruditi
868 2254 1033 2310 utebantur.

197 2348 341 2402 Praeterea
359 2363 418 2404 non
429 2347 544 2418 scripsit
556 2347 663 2403 librum
677 2349 865 2405 scientificum
879 2349 931 2404 sed
944 2349 1034 2419 legem

197 2443 261 2498 usui
284 2443 451 2514 quotidiano
475 2445 731 2516 accommodatam
760 2446 874 2516 scripsit
898 2461 957 2500 non
981 2459 1034 2516 pro

196 2539 267 2593 viris
284 2538 405 2593 eruditis
423 2545 543 2610 tantum,
561 2540 612 2594 sed
630 2545 659 2595 et
671 2556 724 2611 pro
742 2541 917 2596 rudioribus.
943 2540 1035 2597 Nemo

196 2633 380 2703 inficiabitur,
398 2633 448 2689 tali
466 2633 542 2689 libro
561 2634 658 2689 stilum
670 2635 823 2691 classicum
841 2635 957 2691 minime
969 2650 1034 2690 con·

197 2730 303 2786 venire.
337 2729 411 2784 Aliae
425 2729 548 2799 denique
567 2731 648 2786 dotes
666 2736 727 2784 tum
741 2731 799 2785 stili
812 2731 883 2800 eius,
901 2736 961 2784 turn
975 2746 1034 2785 ser-

195 2824 288 2880 monis
316 2826 485 2896 universim,
512 2832 574 2880 tum
603 2826 691 2881 totius
715 2828 833 2897 Regulae
861 2842 919 2881 non
945 2825 1033 2880 alium

196 2927 344 2976 auctorem
362 2921 417 2978 nisi
435 2937 504 2978 vere
523 2921 668 2977 eruditum
687 2921 849 2978 admittunt.
