2356 3564
531 181 828 264 ω138-.

237 354 497 444 devotionem,
520 357 651 446 ipsum
665 355 877 430 Dominum
895 366 1092 430 nostrum
1124 314 1125 365 ¹

236 453 372 527 Jesum
385 455 584 527 Christum
595 456 975 528 indueremereatur.
1004 458 1092 542 Qui
1124 440 1125 467 ¹

236 565 364 627 tecum
386 557 487 652 vivit
511 565 550 628 et
570 565 708 647 regnat
730 557 934 629 insaecula
952 579 1088 630 saecu·
1124 570 1125 581 ¹

236 657 372 728 lorum.
408 657 544 729 Amen.
1124 698 1125 761 p

308 783 363 838 Hic
375 784 509 838 sacerdos
523 799 545 838 s.
560 783 710 854 scapulare
724 798 799 852 aqua
813 784 964 841 benedicta
978 799 1086 855 asper-

236 867 276 936 git
294 872 322 922 et
340 866 411 922 illud
430 867 559 938 imponit,
578 866 690 922 dicens:

324 967 473 1057 Accipe
507 968 642 1056 iugum
675 966 823 1039 Christi
859 989 1000 1056 suave,
1044 977 1087 1040 et

239 1088 337 1139 onus
361 1067 446 1138 eius
467 1068 570 1140 leve:
594 1067 639 1137 In
663 1068 819 1138 nomine
836 1067 965 1138 Patris
985 1071 1023 1139 ›1‹
1043 1078 1088 1142 et

237 1167 340 1255 Filii,
365 1175 402 1239 et
425 1167 596 1258 Spiritus
620 1168 756 1239 sancti.
800 1167 937 1264 Amen.
1002 1229 1005 1234 .

326 1292 523 1364 Confirma
545 1293 637 1382 hoc,
660 1288 783 1382 Deus,
808 1294 916 1383 quod
939 1314 1084 1383 opera·

238 1401 301 1464 tus
326 1415 368 1465 es
392 1395 433 1464 in
455 1396 587 1484 nobis,
618 1417 641 1467 a
664 1396 810 1485 templo
835 1403 972 1467 sancto
996 1402 1083 1485 tuo,

239 1495 346 1585 quod
370 1505 430 1566 est
452 1495 494 1566 in
515 1495 745 1567 Jerusalem.

239 1604 286 1698 il.
310 1613 502 1684 Dominus
525 1614 742 1686 vobiscum.

238 1717 284 1808 Il.
307 1717 356 1787 Et
380 1737 468 1787 cum
490 1715 633 1814 spiritu
658 1724 737 1796 tuo.

573 1851 746 1922 Oramus.

326 1960 493 2046 Adesto,
519 1958 745 2030 dulcissime
768 1957 934 2029 Domine
956 1956 1076 2047 Deus,

239 2061 596 2152 supplicationibus
624 2060 789 2147 nostris,
821 2069 859 2130 et
888 2059 1075 2130 huncfa-

237 2162 384 2234 mulum
423 2166 549 2246 tuum,
588 2180 704 2250 quem
742 2159 857 2246 (hanc
890 2157 1074 2231 famulam

237 2271 360 2351 tuam,
395 2261 525 2353 quam)
559 2280 682 2332 sacrae
697 2334 700 2339 ,
714 2267 861 2330 nostrae
891 2259 1073 2348 religioni

239 2365 447 2452 sociamus,
468 2370 659 2453 perpetua
675 2360 803 2432 tribue
819 2359 998 2432 firmitate
1012 2379 1072 2432 ro·
1124 2453 1125 2458 Ἰ

237 2467 386 2555 borari,
421 2473 464 2536 ut
491 2461 762 2554 perseveranti
794 2461 1001 2551 proposito
1031 2463 1070 2532 in
1124 2477 1125 2518 l

239 2567 345 2638 omni
377 2566 508 2638 valeat
540 2563 746 2635 sanctitate
778 2559 853 2632 tibi
883 2559 1068 2632 famulari.

238 2663 1067 2762 PerChristumDominumnostmm.Arnen.
1124 2729 1125 2750 ,

478 2816 838 2870 ἥψω,-
