2356 3564
522 189 746 263 -92-

213 385 308 437 vare
331 365 441 455 ipsas
465 385 543 455 res;
566 365 646 437 iam
670 365 778 456 quod
796 384 916 455 supra
932 363 1050 438 fuerit

215 466 454 554 superfluum
486 473 563 554 est,
599 466 793 556 amputari
828 465 954 537 debet.
1000 466 1050 536 Et

213 566 377 656 pedules
397 574 436 639 et
450 564 724 658 quodcumque
740 574 800 640 est
814 575 946 640 vetere
963 567 1049 638 red·

213 665 318 755 dant,
343 667 435 739 dum
458 666 657 757 accipiunt
678 687 834 741 novum.

299 766 520 838 Femoralia
542 767 585 840 hi
605 769 673 858 qui
693 769 734 838 in
749 767 856 840 viam
876 767 1048 856 dirigun-

212 876 275 940 tur
298 868 347 940 de
364 869 553 941 vestiario
578 869 784 958 accipiant,
809 888 898 958 quae
920 873 1048 940 rever·

211 975 337 1046 tentes
364 970 447 1041 lota
472 968 529 1041 ibi
550 969 767 1041 restituant.
812 968 862 1049 Et
885 969 1048 1040 cucullae
1171 1047 1172 1052 ,

212 1077 249 1147 et
272 1070 417 1140 tunicae
440 1069 519 1141 sint
543 1068 744 1160 aliquanto
767 1090 790 1139 a
811 1069 929 1140 solito
950 1088 1047 1157 quas

211 1169 357 1241 habent
380 1170 534 1243 modice
556 1170 754 1254 meliores;
783 1188 882 1259 quas
906 1189 1047 1240 exeun-

211 1276 271 1342 tes
300 1271 342 1341 in
364 1270 470 1342 viam
499 1270 695 1361 accipiant
723 1269 771 1340 de
791 1269 981 1342 vestiario
1010 1277 1048 1340 et
1171 1331 1172 1336 t

211 1378 451 1443 revertentes
474 1371 691 1442 restituant

107 1483 189 1585 82⁸3}
299 1470 525 1542 Srnluuum
561 1478 689 1543 autem
722 1469 799 1543 lect
783 1478 912 1543 torum
944 1469 1048 1542 suffi-

112 1587 131 1626 ⁸
143 1547 188 1628 d
188 1564 316 1643 ciant
331 1579 462 1662 matta,
487 1591 626 1662 sagum
648 1579 686 1644 e
670 1572 791 1644 tlena
814 1581 852 1645 et
868 1570 1047 1662 capitale

211 1673 307 1756 Quae
323 1681 453 1745 tamen
472 1674 574 1745 lecta
588 1673 811 1763 frequenter
824 1674 874 1744 ab
890 1673 1045 1745 Abbate

211 1781 316 1846 scrut
300 1773 463 1846 tinanda
492 1781 583 1844 sunt
608 1795 710 1864 prop
712 1780 771 1845 ter
799 1793 899 1864 opus
930 1794 1046 1864 pecu·
1171 1843 1172 1864 ξ

208 1875 317 1964 liare,
343 1896 392 1947 ne
412 1875 644 1948 inveniatur.
689 1875 738 1946 Et
762 1874 798 1945 si
826 1875 890 1947 cui
912 1875 1060 1976 inven-x

209 1983 291 2048 tum
313 1976 430 2048 fuerit
459 1977 568 2067 quod
591 1975 641 2047 ab
659 1975 815 2048 Abbate
835 1996 915 2047 non
939 1995 1045 2047 acce·
1167 2027 1172 2052 t

296 2178 345 2248 Et
373 2185 415 2250 ut
443 2178 520 2249 hoc
542 2176 682 2249 vitium
704 2176 916 2267 peculiaris
942 2174 1045 2247 radi-

209 2277 309 2349 citus
348 2286 584 2368 amputetur,
624 2278 764 2350 dentur
801 2277 850 2348 ab
888 2276 1044 2348 Abbate

209 2378 342 2450 omnia
365 2399 455 2470 quae
479 2386 569 2452 sunt
583 2379 819 2467 necessaria,
843 2378 886 2449 id
902 2385 961 2450 est
982 2398 1044 2449 cu·

209 2479 321 2568 culla,
344 2480 487 2568 tunica,
513 2480 689 2571 pedules
713 2480 862 2568 caligae,
884 2478 1043 2568 bracile,
1171 2553 1172 2568 ,

210 2581 405 2669 cultellus,
442 2582 666 2670 graphium,
700 2601 811 2670 acus,
845 2579 1043 2669 mappula,
1171 2597 1172 2600 ’

208 2681 365 2766 tabulae,
379 2689 423 2753 ut
439 2681 566 2752 omnis
584 2681 781 2753 auferatur
795 2680 1042 2753 necessitatis

209 2782 423 2858 excusatio,
436 2781 527 2852 -A
540 2801 619 2871 quo
634 2789 764 2853 tamen
776 2780 931 2852 Abbate
945 2800 1042 2852 sem·
1171 2809 1172 2834 2

207 2901 280 2971 per
296 2882 565 2955 consideretur
579 2882 649 2954 illa
665 2883 858 2957 sententia
873 2882 1044 2956 Actuum
1171 2967 1172 2980 Ν
