2356 3564
559 165 796 237 „134..

260 340 426 430 Christe,
455 361 504 412 ne
534 340 726 430 respicias
756 346 919 429 peccata
946 347 1098 430 nostra,

260 441 332 511 sed
370 441 685 531 deprecationem
726 439 918 529 piissimae
956 439 1098 512 Matris

258 550 347 631 tuae,
359 544 563 616 advocatae
572 549 729 630 nostrae,
741 541 943 632 sanctique
953 540 1100 614 Micha-

147 713 155 720 ,
259 643 331 714 elis
356 643 595 733 Archangeli
624 650 661 713 et
689 642 894 714 beatorum
921 642 1098 731 Aposto-

257 745 385 816 lorum
416 744 522 816 Petri
554 751 592 815 et
622 743 736 814 Pauli
768 763 814 813 ac
846 742 882 815 S.
914 742 1097 832 ioannis,
1147 796 1149 853 ,

177 896 183 907 .
259 846 575 936 sanctissimique
591 843 720 916 Patris
736 845 863 915 nostri
877 843 1096 934 Benedicti,

258 947 384 1019 sancti
399 947 446 1018 N.
470 946 627 1036 patroni
646 945 773 1016 nostri
796 952 912 1035 atque
936 945 1098 1019 illorum
1149 956 1150 1046 t

257 1047 490 1120 Sanctorum
514 1067 679 1138 quorum
701 1047 880 1136 reliquiae
903 1046 969 1118 hic
992 1056 1097 1136 sunt,
1150 1116 1151 1156 ,

258 1157 296 1220 et
326 1149 500 1220 omnium
529 1147 763 1220 Sanctorum·
790 1155 828 1218 et
858 1147 1096 1235 Electorum,

258 1257 295 1322 et
312 1250 458 1321 adiuva
480 1269 554 1320 nos
577 1249 678 1322 sicut
698 1258 741 1322 tu
763 1249 841 1321 scis
866 1258 904 1322 et
922 1249 1096 1322 necessi·
1151 1274 1152 1304 1

256 1359 375 1422 tatem
415 1359 590 1422 nostram
626 1353 741 1424 nosti.
808 1350 883 1434 Qui
913 1350 1019 1425 vivis
1055 1359 1097 1420 et
1152 1439 1153 1444 Ἰ

256 1472 398 1541 regnas
423 1473 510 1523 cum
532 1451 618 1525 Deo
634 1453 749 1524 Patre
774 1452 815 1522 in
836 1451 986 1523 unitate
1008 1449 1096 1540 Spi·
1152 1451 1153 1454 ’

255 1553 354 1625 ritus
365 1551 498 1624 Sancti
510 1552 618 1624 Deus
629 1553 861 1626 benedictus
877 1572 948 1641 per
960 1551 1094 1624 omnia
1153 1594 1154 1624 t

257 1655 404 1725 saecula
425 1653 668 1728 saeculorum.
702 1655 840 1725 Amen.

344 1856 656 1929 Clementissime
689 1855 804 1943 Jesu,
840 1856 964 1942 salus,
997 1854 1092 1941 vita,

254 1958 487 2029 resurrectio
503 1965 639 2030 nostra
653 1966 697 2028 tu
713 1958 822 2029 solus
839 1976 891 2027 es.
919 1955 975 2025 Te
995 1975 1090 2042 ergo

256 2078 491 2146 quaesumus
515 2079 563 2130 ne
589 2057 838 2148 derelinquas
861 2074 935 2125 nos
957 2054 999 2126 in
1023 2075 1088 2124 an·

255 2158 396 2246 gustiis
413 2166 451 2230 et
465 2159 827 2249 perturbationibus
843 2155 1000 2243 nostris,
1017 2154 1091 2227 sed
1153 2199 1155 2232 ι

253 2280 325 2349 per
348 2260 531 2350 agoniam
547 2261 690 2333 Cordis
711 2261 769 2332 tui
790 2256 1030 2332 sanctissimi
1053 2262 1091 2329 ct
1153 2233 1155 2334 i

253 2381 325 2450 per
356 2361 514 2433 dolores
544 2362 681 2434 Matris
716 2372 795 2434 tuae
827 2359 1089 2432 immaculatae

253 2463 332 2534 tuis
366 2463 523 2534 famulis
559 2463 742 2552 subveni,
779 2484 879 2553 quos
911 2460 1089 2552 pretioso

254 2565 445 2654 sanguine
467 2564 678 2637 redemisti.

284 2685 409 2753 (Indulg.
425 2686 476 2739 100
490 2685 559 2738 dier.
574 2683 661 2737 semel
674 2683 704 2736 in
717 2681 764 2736 die
778 2682 907 2737 lucrand.
921 2683 1064 2736 concessit

433 2764 502 2817 Pius
515 2763 572 2818 ΡΡ.
586 2762 637 2817 ΙΧ.
650 2761 696 2816 die
709 2761 734 2815 6.
749 2761 810 2817 Oct.
826 2755 914 2830 1870.)
1049 2759 1053 2765 ’
