2356 3564
447 203 667 276 ..73-

139 384 273 472 tuitnr3
309 390 439 455 tamen
472 379 713 452 infirmorum
746 383 975 450 contuentes

139 483 447 557 imbecillitatem
463 481 658 552 credimus
678 478 876 551 heminam
891 476 976 548 vini

138 607 210 677 per
234 583 413 674 singulos
437 581 615 654 sufficere
638 601 710 671 per
731 579 845 652 diem.
884 576 975 661 Qni-

138 687 214 759 bus
257 691 386 756 autem
425 683 548 754 donat
579 680 687 752 Deus
725 678 975 752 tolerantiam

45 779 47 784 ’
141 783 406 872 abstinentiae,
442 783 645 873 propriam
686 802 729 853 se
766 780 974 854 habituros

140 885 361 959 mercedem
384 883 522 956 sciant.

228 1002 344 1088 Quod
377 1002 413 1073 si
447 1010 514 1073 aut
546 1002 626 1074 loci
660 1003 877 1074 necessitas
911 1000 976 1073 vel

139 1105 254 1177 labor
286 1110 351 1176 aut
378 1102 496 1174 ardor
526 1104 676 1176 aestatis
708 1102 878 1192 amplius
906 1121 975 1191 po·

140 1205 329 1294 poscerit,
353 1204 395 1274 in
418 1203 581 1275 arbitrio
601 1203 751 1274 Prioris
774 1201 975 1288 consistat,
999 1289 1001 1296 ,

140 1304 396 1378 considerans
422 1304 464 1374 in
489 1303 687 1393 omnibus,
716 1324 766 1375 ne
789 1303 975 1392 subrepat

140 1407 301 1480 satietas
325 1413 392 1478 aut
414 1405 595 1478 ebrietas.

226 1525 344 1596 chnr
366 1525 544 1615 legamus
559 1524 695 1598 vinum
720 1523 878 1596 omnino
894 1542 974 1593 mo·

139 1625 355 1697 nachorum
377 1646 458 1698 non
481 1625 599 1715 esse,¹
623 1624 694 1698 sed
718 1625 811 1716 quia
826 1624 991 1696 nostris

140 1725 383 1817 temporibus
419 1725 462 1797 id
500 1725 704 1798 monachis
743 1725 975 1816 persuaderi

139 1849 220 1899 non
243 1834 383 1916 potest,
407 1827 546 1898 saltem
568 1827 634 1899 vel
655 1825 733 1898 hoc
757 1826 975 1899 consentia-

139 1947 238 2012 mus,
261 1934 304 1997 ut
327 1946 407 1998 non
421 1946 547 2017 usque
562 1927 615 1998 ad
630 1928 850 1999 satietatem
867 1927 976 1998 biba·

139 2048 226 2099 mus
248 2026 319 2098 sed
338 2027 508 2117 parcius
534 2028 626 2116 quia
643 2027 800 2116 „vinum
821 2034 976 2118 aposta·

139 2137 223 2200 tare
239 2127 333 2198 facit
349 2126 467 2198 etiam
482 2126 735 2216 sapientes“²
756 2126 835 2199 Ubi
849 2135 978 2199 autern

140 2228 357 2300 necessitas
372 2226 452 2299 loci
469 2228 664 2317 exposcit,
687 2236 730 2299 ut
753 2249 827 2299 nee
843 2249 978 2317 supra-

140 2329 288 2419 scripta
296 2349 478 2400 mensura
487 2328 804 2419 inveniripossit,
812 2328 979 2401 sedmul·

139 2439 180 2503 to
202 2431 332 2502 minus
354 2438 421 2501 aut
443 2450 492 2501 ex
509 2437 592 2502 toto
609 2431 720 2519 nihil,
741 2431 979 2502 benedicant

139 2531 266 2604 Deum
294 2531 362 2621 qui
393 2530 449 2602 ibi
477 2530 670 2620 habitant,
706 2539 744 2605 et
771 2553 851 2603 non
877 2552 978 2602 mur·

139 2640 306 2720 murent,
334 2632 411 2704 hoc
434 2637 523 2703 ante
549 2632 680 2703 omnia
711 2631 977 2720 admonentes,

139 2741 182 2806 ut
203 2734 354 2823 absque
378 2732 751 2804 murmurationibus
776 2732 864 2805 sint.

218 2925 225 2956 ¹
240 2923 308 2975 Vite
319 2925 425 2976 Parrum
435 2923 453 2975 l.
465 2925 499 2980 V.
512 2922 556 2975 lV.
567 2938 593 2974 n.
604 2925 642 2973 31.
674 2927 683 2957 ²
701 2923 782 2975 Eccli.
793 2925 831 2986 19,
841 2926 865 2972 2.
