2356 3564
445 181 684 254 *123-

148 344 196 438 is.
219 353 449 430 Benedictio
478 365 516 432 et
539 357 696 430 claritas
725 366 763 430 et
786 359 981 449 sapientia

223 462 262 528 et
277 457 490 545 gratiarum
506 459 619 547 actis,
640 459 778 548 honor,
802 459 928 531 virtus
944 466 982 530 et

106 641 108 647 ,
223 556 412 629 fortitudo
426 558 663 631 Deo‘nostro
685 559 726 630 in
743 559 889 630 saecula
910 579 981 629 sae·

224 657 408 730 culorum.
454 659 499 750 R.
523 660 659 731 Amen.
713 701 715 707 ·

148 756 196 850 is.
220 763 296 837 Pes
318 787 428 840 meus
454 769 560 841 stetit
582 768 623 839 in
647 768 807 840 directo,

149 866 195 956 Ii.
218 865 264 937 In
283 868 461 941 ecclesiis
483 867 716 942 benedicam
743 876 780 939 te
804 867 981 938 Domine.

456 1011 675 1070 INVOGATIO.

237 1114 312 1190 Per
339 1118 630 1190 sanctissimum
657 1137 799 1189 nomen
824 1115 984 1189 Domini

150 1216 386 1308 invocatum,
410 1226 585 1308 optatam
606 1216 680 1289 tibi
703 1218 822 1289 donet
841 1217 983 1288 sanita·

149 1326 228 1389 tem
246 1319 315 1390 illa
334 1319 444 1408 fidae,
469 1340 547 1409 qua
564 1326 722 1391 sanctus
739 1319 897 1390 Maurus
914 1338 985 1407 per

152 1419 357 1507 sequentia
372 1420 495 1492 verba
512 1428 683 1511 aegrotos
700 1420 865 1510 sanavit,
890 1421 984 1491 etin

152 1539 229 1608 qua
253 1539 338 1608 ego,
360 1520 453 1592 licet
475 1522 660 1612 indignus
684 1530 877 1611 peccator,
901 1541 984 1592 eas-

152 1618 241 1690 dem
255 1640 393 1710 preces
411 1631 582 1712 superte
597 1623 797 1695 humiliter
815 1622 984 1712 profero.

32 1771 35 1778 ·
122 1750 124 1756 ·
237 1736 283 1807 In
305 1739 462 1811 nomine
487 1739 747 1812 sanctissimae
777 1746 816 1811 et
843 1738 985 1811 indivi-

152 1835 242 1907 duae
272 1837 488 1929 Trinitatis,
524 1840 681 1930 adiutus
714 1840 863 1911 meritis
898 1860 984 1911 san-

152 1935 318 2007 ctissimi
350 1937 479 2011 Patris
511 1939 725 2029 Benedicti,
760 1946 821 2011 sta
855 1961 985 2028 sanus,

153 2036 262 2125 oN.‚
294 2044 332 2110 et
361 2038 569 2111 incolumis
600 2059 720 2129 super
744 2039 868 2129 pedes
894 2047 984 2110 tuos

150 2144 290 2209 rectus.
336 2138 381 2208 In
403 2140 561 2212 nomine
577 2139 706 2212 Patris
722 2141 757 2210 ›1‹
772 2146 810 2211 et
832 2137 925 2210 Filii
948 2148 986 2211 et
1078 2195 1079 2198 ,

151 2236 321 2327 Spiritus
346 2240 482 2312 sancti.
520 2240 656 2311 Amen.

238 2363 399 2454 Antiph.
438 2364 539 2438 Vere
574 2366 784 2452 languores
827 2372 984 2435 nostros

151 2465 237 2555 ipse
261 2463 360 2552 tulit,
384 2471 423 2535 et
446 2464 603 2536 dolores
620 2471 777 2536 nostros
794 2463 880 2553 ipse
896 2483 985 2552 por-

150 2565 259 2654 tavit,
283 2565 393 2652 cujus
417 2565 543 2637 livore
567 2565 695 2636 sanati
719 2584 864 2635 sumus.
890 2611 893 2615 -

106 2769 109 2776 ι
150 2671 197 2765 iis.
222 2679 298 2764 Qui
330 2678 568 2768 propitiatur
601 2677 874 2768 iniquitatibus
915 2679 983 2750 ho-

224 2800 381 2851 mmum.

150 2878 196 2970 R.
219 2879 310 2970 Ipse
335 2886 447 2951 sanet
469 2877 713 2951 infirmitates
736 2886 835 2952 tuas.
