2356 3564
483 199 733 272 -108-

186 374 401 446 morientur
423 374 552 446 cuncti
571 394 650 446 una
665 373 782 447 (Ιίὲ.ιιι
812 375 909 447 Haee
925 397 1020 464 ergo

188 475 342 566 aliaque
359 475 584 547 testimonia
599 474 860 563 discretionis
884 475 1021 546 matris

185 576 405 662 virtutum‚²
426 595 583 646 sumens
600 577 658 648 sic
675 575 806 650 omnia
822 583 1021 666 temperet,

136 684 229 747 “mut
249 675 300 747 sit
320 684 358 748 et
377 676 499 748 fortes
516 675 625 766 quod
640 676 810 766 cupiant,
826 684 864 747 et
879 675 1022 748 infirmi

186 796 266 847 non
294 775 498 864 refugiant.
544 776 593 848 Et
621 775 822 866 praecipue
851 782 895 846 ut
923 795 1021 865 prae·

188 884 337 949 sentem
364 877 556 966 Regulam
584 879 624 948 in
656 877 838 949 omnibus
868 896 1022 948 conser-

187 983 263 1064 vet,
285 983 329 1048 ut
344 976 437 1048 dum
457 978 557 1049 bene
573 976 864 1064 ministraverit,
889 976 1023 1048 audiat
1062 1069 1064 1074 ,

188 1097 212 1148 a
227 1077 395 1148 Domino
421 1077 529 1167 quod
552 1094 690 1150 servus
710 1078 839 1149 bonus
857 1076 925 1166 qui
940 1096 1022 1160 ero·

188 1177 297 1267 gavit
323 1179 494 1250 triticum
522 1178 725 1251 conservis
754 1178 837 1250 suis
866 1177 908 1247 in
930 1184 1022 1248 tem-

187 1298 284 1369 pore
302 1299 389 1351 suo:
414 1279 561 1367 „Amen
574 1277 664 1350 dico
678 1276 828 1365 vobis,“
851 1277 915 1364 ait,
939 1297 1022 1365 „su-

189 1400 259 1468 per
282 1379 413 1450 omnia
434 1378 541 1449 bona
564 1398 636 1450 sua
660 1377 863 1450 constituit
882 1377 1023 1464 eum.“³¹

258 1579 684 1638 va.1>nPRAEPOSITO
703 1577 952 1638 MONASTERII.

84 1655 175 1811 {ing
128 1720 173 1760 an
277 1664 420 1768 snmus
444 1695 603 1785 quidem
624 1698 797 1788 contigit,
820 1705 864 1771 ut
876 1717 949 1788 per
964 1716 1024 1768 or·

87 1773 432 1870 ordinationem
445 1795 658 1886 Praepositi
681 1798 869 1870 seandala
885 1797 1025 1886 gravia

189 1897 230 1967 in
252 1895 502 1969 monasteriis
525 1897 714 1999 oriantur,
737 1899 831 1970 dum
853 1898 932 1970 sint
955 1897 1023 1968 ali·

188 1999 258 2088 qui
286 1999 458 2088 maligno
493 1986 635 2087 spiritu
666 1999 863 2089 superbiae
899 1997 1025 2068 infiati

113 2147 116 2154 .
188 2105 227 2169 et
249 2097 487 2169 aestimantes
512 2117 554 2168 se
574 2098 769 2171 secundos
787 2119 875 2169 esse
890 2096 1024 2169 Abba·

189 2207 248 2270 tes
273 2205 516 2270 assumentes
541 2197 619 2270 sibi
642 2198 890 2289 tyrannidem
913 2217 1023 2268 sean-

188 2299 280 2370 dala
305 2297 480 2370 nutriunt
503 2306 541 2370 et
564 2297 845 2371 dissensiones·
863 2298 904 2368 in
932 2317 1023 2368 eon·

188 2400 436 2490 gregationes
459 2399 618 2487 faciunt,
643 2406 681 2470 et
700 2398 869 2470 maxime
886 2398 927 2469 in
942 2398 1023 2469 illis

186 2502 287 2573 locis
313 2500 383 2573 ubi
411 2502 460 2573 ab
489 2501 627 2573 eodem
656 2500 860 2571 sacerdote
881 2499 947 2572 vel
973 2500 1022 2571 ab

189 2603 246 2674 eis
270 2601 494 2674 Abbatibus
518 2601 586 2690 qui
609 2601 805 2672 Abbatem
830 2599 1023 2686 ordinant,

189 2705 239 2775 ab
251 2703 352 2793 ipsis
370 2702 487 2792 etiam
499 2709 537 2775 et
547 2700 792 2790 Praepositus
810 2700 1023 2773 ordinatur.

268 2907 351 2956 ¹Gen.
359 2909 398 2968 33,
406 2907 443 2955 13.
459 2904 543 2956 ²Vita
550 2903 810 2958 PatrumLIV.c.42.
826 2903 1023 2967 ”Memmi
