<?xml version="1.0" encoding="UTF-8"?>
<!DOCTYPE html PUBLIC "-//W3C//DTD XHTML 1.0 Transitional//EN"
    "http://www.w3.org/TR/xhtml1/DTD/xhtml1-transitional.dtd">
<html xmlns="http://www.w3.org/1999/xhtml" xml:lang="en" lang="en">
 <head>
  <title>
</title>
<meta http-equiv="Content-Type" content="text/html;charset=utf-8" />
  <meta name='ocr-system' content='tesseract 3.04.00' />
  <meta name='ocr-capabilities' content='ocr_page ocr_carea ocr_par ocr_line ocrx_word'/>
</head>
<body>
  <div class='ocr_page' id='page_1' title='image "./regluasanctipat00benegoog_0111.png"; bbox 0 0 2356 3564; ppageno 0'>
   <div class='ocr_carea' id='block_1_1' title="bbox 517 205 747 282">
    <p class='ocr_par' dir='ltr' id='par_1_1' title="bbox 517 205 747 282">
     <span class='ocr_line' id='line_1_1' title="bbox 517 205 747 282; baseline 0.004 -23"><span class='ocrx_word' id='word_1_1' title='bbox 517 205 747 282; x_wconf 66' lang='lat'>-9&#39;0-</span> 
     </span>
    </p>
   </div>
   <div class='ocr_carea' id='block_1_2' title="bbox 214 382 1052 979">
    <p class='ocr_par' dir='ltr' id='par_1_2' title="bbox 214 382 1052 979">
     <span class='ocr_line' id='line_1_2' title="bbox 301 382 1052 476; baseline 0.003 -23"><span class='ocrx_word' id='word_1_2' title='bbox 301 382 528 453; x_wconf 73' lang='lat' dir='ltr'>Hosprrroos</span> <span class='ocrx_word' id='word_1_3' title='bbox 552 391 681 457; x_wconf 82' lang='lat' dir='ltr'>autom</span> <span class='ocrx_word' id='word_1_4' title='bbox 698 384 761 455; x_wconf 92' lang='lat' dir='ltr'>cui</span> <span class='ocrx_word' id='word_1_5' title='bbox 775 403 856 455; x_wconf 88' lang='lat' dir='ltr'>non</span> <span class='ocrx_word' id='word_1_6' title='bbox 870 385 1052 476; x_wconf 86' lang='lat' dir='ltr'>praecipi·</span> 
     </span>
     <span class='ocr_line' id='line_1_3' title="bbox 214 485 1052 574; baseline 0 -18"><span class='ocrx_word' id='word_1_7' title='bbox 214 492 278 556; x_wconf 87' lang='lat' dir='ltr'>tur</span> <span class='ocrx_word' id='word_1_8' title='bbox 310 486 532 558; x_wconf 86' lang='lat' dir='ltr'>nullatenus</span> <span class='ocrx_word' id='word_1_9' title='bbox 567 485 738 558; x_wconf 90' lang='lat' dir='ltr'>societur</span> <span class='ocrx_word' id='word_1_10' title='bbox 771 503 898 574; x_wconf 84' lang='lat' dir='ltr'>neque</span> <span class='ocrx_word' id='word_1_11' title='bbox 931 486 1052 557; x_wconf 89' lang='lat' dir='ltr'>collo·</span> 
     </span>
     <span class='ocr_line' id='line_1_4' title="bbox 216 585 1050 674; baseline 0 -18"><span class='ocrx_word' id='word_1_12' title='bbox 216 592 371 674; x_wconf 91' lang='lat' dir='ltr'>quatur;</span> <span class='ocrx_word' id='word_1_13' title='bbox 403 586 474 658; x_wconf 89' lang='lat' dir='ltr'>sed</span> <span class='ocrx_word' id='word_1_14' title='bbox 498 587 533 658; x_wconf 93' lang='lat' dir='ltr'>si</span> <span class='ocrx_word' id='word_1_15' title='bbox 556 586 779 658; x_wconf 81' lang='lat' dir='ltr'>obviaverit</span> <span class='ocrx_word' id='word_1_16' title='bbox 806 592 873 656; x_wconf 87' lang='lat' dir='ltr'>aut</span> <span class='ocrx_word' id='word_1_17' title='bbox 894 585 1050 672; x_wconf 89' lang='lat' dir='ltr'>viderit,</span> 
     </span>
     <span class='ocr_line' id='line_1_5' title="bbox 216 685 1051 776; baseline 0 -20"><span class='ocrx_word' id='word_1_18' title='bbox 216 685 395 756; x_wconf 87' lang='lat' dir='ltr'>salutatis</span> <span class='ocrx_word' id='word_1_19' title='bbox 419 686 631 774; x_wconf 87' lang='lat' dir='ltr'>humiliter,</span> <span class='ocrx_word' id='word_1_20' title='bbox 655 694 698 758; x_wconf 90' lang='lat' dir='ltr'>ut</span> <span class='ocrx_word' id='word_1_21' title='bbox 721 685 903 775; x_wconf 71' lang='lat' dir='ltr'>diximus</span> <span class='ocrx_word' id='word_1_22' title='bbox 925 693 962 758; x_wconf 90' lang='lat' dir='ltr'>et</span> <span class='ocrx_word' id='word_1_23' title='bbox 984 706 1051 776; x_wconf 89' lang='lat' dir='ltr'>pe-</span> 
     </span>
     <span class='ocr_line' id='line_1_6' title="bbox 214 785 1050 877; baseline -0.004 -19"><span class='ocrx_word' id='word_1_24' title='bbox 214 785 286 858; x_wconf 88' lang='lat' dir='ltr'>tita</span> <span class='ocrx_word' id='word_1_25' title='bbox 320 787 594 858; x_wconf 89' lang='lat' dir='ltr'>benedictione</span> <span class='ocrx_word' id='word_1_26' title='bbox 631 793 877 877; x_wconf 82' lang='lat' dir='ltr'><strong>pertranseat</strong></span> <span class='ocrx_word' id='word_1_27' title='bbox 914 785 1050 856; x_wconf 90' lang='lat' dir='ltr'>dicens</span> 
     </span>
     <span class='ocr_line' id='line_1_7' title="bbox 216 886 1050 979; baseline -0.001 -22"><span class='ocrx_word' id='word_1_28' title='bbox 216 886 293 958; x_wconf 92' lang='lat' dir='ltr'>sibi</span> <span class='ocrx_word' id='word_1_29' title='bbox 320 907 400 958; x_wconf 92' lang='lat' dir='ltr'>non</span> <span class='ocrx_word' id='word_1_30' title='bbox 422 887 541 960; x_wconf 86' lang='lat' dir='ltr'>licere</span> <span class='ocrx_word' id='word_1_31' title='bbox 570 888 745 979; x_wconf 84' lang='lat' dir='ltr'>colloqui</span> <span class='ocrx_word' id='word_1_32' title='bbox 769 907 856 960; x_wconf 88' lang='lat' dir='ltr'>eum</span> <span class='ocrx_word' id='word_1_33' title='bbox 881 886 1050 976; x_wconf 85' lang='lat' dir='ltr'>hospite.</span> 
     </span>
    </p>
   </div>
   <div class='ocr_carea' id='block_1_3' title="bbox 213 1132 1050 1284">
    <p class='ocr_par' dir='ltr' id='par_1_3' title="bbox 213 1132 1050 1284">
     <span class='ocr_line' id='line_1_8' title="bbox 213 1132 1050 1191; baseline 0 -5"><span class='ocrx_word' id='word_1_34' title='bbox 213 1133 288 1190; x_wconf 88' lang='lat' dir='ltr'>LIV</span> <span class='ocrx_word' id='word_1_35' title='bbox 324 1133 359 1189; x_wconf 84' lang='lat' dir='ltr'>SI</span> <span class='ocrx_word' id='word_1_36' title='bbox 377 1133 536 1189; x_wconf 85' lang='lat' dir='ltr'>DEBEAT</span> <span class='ocrx_word' id='word_1_37' title='bbox 555 1132 767 1190; x_wconf 85' lang='lat' dir='ltr'><strong>MONAGHUS</strong></span> <span class='ocrx_word' id='word_1_38' title='bbox 785 1132 954 1190; x_wconf 84' lang='lat' dir='ltr'>LITERAS</span> <span class='ocrx_word' id='word_1_39' title='bbox 973 1133 1050 1191; x_wconf 85' lang='lat' dir='ltr'>VEL</span> 
     </span>
     <span class='ocr_line' id='line_1_9' title="bbox 429 1215 835 1284; baseline -0.003 -12"><span class='ocrx_word' id='word_1_40' title='bbox 429 1216 596 1284; x_wconf 89' lang='lat' dir='ltr'><strong>ALIQUID</strong></span> <span class='ocrx_word' id='word_1_41' title='bbox 614 1215 835 1276; x_wconf 81' lang='lat' dir='ltr'>SUSCIPERE.</span> 
     </span>
    </p>
   </div>
   <div class='ocr_carea' id='block_1_4' title="bbox 112 1361 1061 1855">
    <p class='ocr_par' dir='ltr' id='par_1_4' title="bbox 112 1361 1061 1855">
     <span class='ocr_line' id='line_1_10' title="bbox 112 1361 1049 1468; baseline 0 -36"><span class='ocrx_word' id='word_1_42' title='bbox 112 1369 194 1468; x_wconf 99' lang='grc' dir='ltr'>ξ</span> <span class='ocrx_word' id='word_1_43' title='bbox 147 1376 192 1416; x_wconf 59' lang='grc' dir='ltr'>ΗΡ</span> <span class='ocrx_word' id='word_1_44' title='bbox 302 1361 555 1432; x_wconf 63' lang='lat' dir='ltr'>Nobilibus</span> <span class='ocrx_word' id='word_1_45' title='bbox 576 1361 694 1433; x_wconf 88' lang='lat' dir='ltr'>liceat</span> <span class='ocrx_word' id='word_1_46' title='bbox 710 1362 904 1437; x_wconf 88' lang='lat' dir='ltr'>monacho</span> <span class='ocrx_word' id='word_1_47' title='bbox 921 1382 1049 1451; x_wconf 86' lang='lat' dir='ltr'>neque</span> 
     </span>
     <span class='ocr_line' id='line_1_11' title="bbox 115 1429 1049 1553; baseline 0.002 -21"><span class='ocrx_word' id='word_1_48' title='bbox 115 1429 194 1510; x_wconf 53' lang='lat'><strong>⁶⁶35·</strong></span> <span class='ocrx_word' id='word_1_49' title='bbox 175 1481 238 1533; x_wconf 73' lang='lat' dir='ltr'>e-a</span> <span class='ocrx_word' id='word_1_50' title='bbox 268 1463 498 1552; x_wconf 89' lang='lat' dir='ltr'>parentibus</span> <span class='ocrx_word' id='word_1_51' title='bbox 530 1462 613 1533; x_wconf 89' lang='lat' dir='ltr'>suis</span> <span class='ocrx_word' id='word_1_52' title='bbox 642 1483 769 1552; x_wconf 91' lang='lat' dir='ltr'>neque</span> <span class='ocrx_word' id='word_1_53' title='bbox 799 1484 822 1534; x_wconf 92' lang='lat' dir='ltr'>a</span> <span class='ocrx_word' id='word_1_54' title='bbox 850 1482 1049 1553; x_wconf 91' lang='lat' dir='ltr'>quoquam</span> 
     </span>
     <span class='ocr_line' id='line_1_12' title="bbox 212 1562 1049 1651; baseline 0.002 -18"><span class='ocrx_word' id='word_1_55' title='bbox 212 1563 414 1635; x_wconf 90' lang='lat' dir='ltr'>hominum</span> <span class='ocrx_word' id='word_1_56' title='bbox 455 1584 528 1636; x_wconf 89' lang='lat' dir='ltr'>nec</span> <span class='ocrx_word' id='word_1_57' title='bbox 573 1562 651 1634; x_wconf 85' lang='lat' dir='ltr'>sibi</span> <span class='ocrx_word' id='word_1_58' title='bbox 692 1563 860 1636; x_wconf 85' lang='lat' dir='ltr'>invicem</span> <span class='ocrx_word' id='word_1_59' title='bbox 902 1564 1049 1651; x_wconf 76' lang='lat' dir='ltr'>literae,</span> 
     </span>
     <span class='ocr_line' id='line_1_13' title="bbox 195 1663 1050 1758; baseline 0.001 -23"><span class='ocrx_word' id='word_1_60' title='bbox 195 1664 392 1753; x_wconf 84' lang='lat' dir='ltr'>-eulogias</span> <span class='ocrx_word' id='word_1_61' title='bbox 449 1665 515 1737; x_wconf 90' lang='lat' dir='ltr'>vel</span> <span class='ocrx_word' id='word_1_62' title='bbox 570 1663 757 1753; x_wconf 88' lang='lat' dir='ltr'>quaelibet</span> <span class='ocrx_word' id='word_1_63' title='bbox 817 1665 1050 1758; x_wconf 89' lang='lat' dir='ltr'>munuscula</span> 
     </span>
     <span class='ocr_line' id='line_1_14' title="bbox 213 1759 1061 1855; baseline 0.006 -22"><span class='ocrx_word' id='word_1_64' title='bbox 213 1759 390 1851; x_wconf 86' lang='lat' dir='ltr'>accipere</span> <span class='ocrx_word' id='word_1_65' title='bbox 420 1771 486 1836; x_wconf 89' lang='lat' dir='ltr'>aut</span> <span class='ocrx_word' id='word_1_66' title='bbox 509 1764 603 1836; x_wconf 90' lang='lat' dir='ltr'>dare</span> <span class='ocrx_word' id='word_1_67' title='bbox 628 1763 714 1836; x_wconf 89' lang='lat' dir='ltr'>sine</span> <span class='ocrx_word' id='word_1_68' title='bbox 742 1772 942 1855; x_wconf 87' lang='lat' dir='ltr'>praecepto</span> <span class='ocrx_word' id='word_1_69' title='bbox 968 1765 1061 1838; x_wconf 85' lang='lat' dir='ltr'>Ab·&#39;</span> 
     </span>
    </p>
   </div>
   <div class='ocr_carea' id='block_1_5' title="bbox 211 1864 327 1937">
    <p class='ocr_par' dir='ltr' id='par_1_5' title="bbox 211 1864 327 1937">
     <span class='ocr_line' id='line_1_15' title="bbox 211 1864 327 1937; baseline -0.009 -1"><span class='ocrx_word' id='word_1_70' title='bbox 211 1864 327 1937; x_wconf 86' lang='lat' dir='ltr'>batis.</span> 
     </span>
    </p>
   </div>
   <div class='ocr_carea' id='block_1_6' title="bbox 212 1978 1171 2762">
    <p class='ocr_par' dir='ltr' id='par_1_6' title="bbox 212 1978 1171 2762">
     <span class='ocr_line' id='line_1_16' title="bbox 299 1978 1171 2076; baseline -0.001 -25"><span class='ocrx_word' id='word_1_71' title='bbox 299 1979 415 2064; x_wconf 84' lang='lat' dir='ltr'>Quod</span> <span class='ocrx_word' id='word_1_72' title='bbox 443 1981 478 2051; x_wconf 89' lang='lat' dir='ltr'>si</span> <span class='ocrx_word' id='word_1_73' title='bbox 506 1979 623 2052; x_wconf 88' lang='lat' dir='ltr'>etiam</span> <span class='ocrx_word' id='word_1_74' title='bbox 653 1999 676 2050; x_wconf 89' lang='lat' dir='ltr'>a</span> <span class='ocrx_word' id='word_1_75' title='bbox 705 1978 935 2066; x_wconf 86' lang='lat' dir='ltr'>parentibus</span> <span class='ocrx_word' id='word_1_76' title='bbox 965 1979 1048 2052; x_wconf 89' lang='lat' dir='ltr'>suis</span> <span class='ocrx_word' id='word_1_77' title='bbox 1170 2067 1171 2076; x_wconf 21' lang='grc' dir='ltr'>ω</span> 
     </span>
     <span class='ocr_line' id='line_1_17' title="bbox 214 2076 1048 2168; baseline 0.001 -19"><span class='ocrx_word' id='word_1_78' title='bbox 214 2078 250 2149; x_wconf 88' lang='lat' dir='ltr'>ei</span> <span class='ocrx_word' id='word_1_79' title='bbox 266 2079 482 2168; x_wconf 84' lang='lat' dir='ltr'>quidquam</span> <span class='ocrx_word' id='word_1_80' title='bbox 498 2079 687 2151; x_wconf 87' lang='lat' dir='ltr'>directum</span> <span class='ocrx_word' id='word_1_81' title='bbox 704 2076 832 2167; x_wconf 85' lang='lat' dir='ltr'>fuerit,</span> <span class='ocrx_word' id='word_1_82' title='bbox 854 2099 934 2150; x_wconf 88' lang='lat' dir='ltr'>non</span> <span class='ocrx_word' id='word_1_83' title='bbox 949 2099 1048 2168; x_wconf 82' lang='lat' dir='ltr'>prae·</span> 
     </span>
     <span class='ocr_line' id='line_1_18' title="bbox 214 2176 1048 2270; baseline 0.001 -22"><span class='ocrx_word' id='word_1_84' title='bbox 214 2187 342 2251; x_wconf 86' lang='lat' dir='ltr'>sumat</span> <span class='ocrx_word' id='word_1_85' title='bbox 365 2179 566 2270; x_wconf 80' lang='lat' dir='ltr'>suscipere</span> <span class='ocrx_word' id='word_1_86' title='bbox 581 2176 690 2265; x_wconf 90' lang='lat' dir='ltr'>illud,</span> <span class='ocrx_word' id='word_1_87' title='bbox 713 2177 792 2248; x_wconf 92' lang='lat' dir='ltr'>nisi</span> <span class='ocrx_word' id='word_1_88' title='bbox 815 2178 926 2267; x_wconf 91' lang='lat' dir='ltr'>prius</span> <span class='ocrx_word' id='word_1_89' title='bbox 950 2178 1048 2249; x_wconf 91' lang='lat' dir='ltr'>indi·</span> 
     </span>
     <span class='ocr_line' id='line_1_19' title="bbox 213 2279 1050 2362; baseline 0.004 -13"><span class='ocrx_word' id='word_1_90' title='bbox 213 2286 343 2354; x_wconf 88' lang='lat' dir='ltr'>catum</span> <span class='ocrx_word' id='word_1_91' title='bbox 364 2279 482 2352; x_wconf 84' lang='lat' dir='ltr'>fuerit</span> <span class='ocrx_word' id='word_1_92' title='bbox 496 2279 654 2352; x_wconf 83' lang='lat' dir='ltr'>Abbati.</span> <span class='ocrx_word' id='word_1_93' title='bbox 694 2279 809 2362; x_wconf 91' lang='lat' dir='ltr'>Quod</span> <span class='ocrx_word' id='word_1_94' title='bbox 832 2280 868 2352; x_wconf 89' lang='lat' dir='ltr'>si</span> <span class='ocrx_word' id='word_1_95' title='bbox 890 2280 1050 2352; x_wconf 89' lang='lat' dir='ltr'>iusserit</span> 
     </span>
     <span class='ocr_line' id='line_1_20' title="bbox 213 2379 1049 2470; baseline -0.002 -18"><span class='ocrx_word' id='word_1_96' title='bbox 213 2380 378 2470; x_wconf 89' lang='lat' dir='ltr'>suscipi,</span> <span class='ocrx_word' id='word_1_97' title='bbox 406 2380 448 2450; x_wconf 92' lang='lat' dir='ltr'>in</span> <span class='ocrx_word' id='word_1_98' title='bbox 474 2379 644 2451; x_wconf 87' lang='lat' dir='ltr'>Abbatis</span> <span class='ocrx_word' id='word_1_99' title='bbox 675 2379 727 2450; x_wconf 90' lang='lat' dir='ltr'>sit</span> <span class='ocrx_word' id='word_1_100' title='bbox 756 2386 951 2469; x_wconf 83' lang='lat' dir='ltr'>potestate</span> <span class='ocrx_word' id='word_1_101' title='bbox 986 2379 1049 2451; x_wconf 90' lang='lat' dir='ltr'>cui</span> 
     </span>
     <span class='ocr_line' id='line_1_21' title="bbox 214 2479 1050 2568; baseline 0 -16"><span class='ocrx_word' id='word_1_102' title='bbox 214 2480 314 2552; x_wconf 90' lang='lat' dir='ltr'>illud</span> <span class='ocrx_word' id='word_1_103' title='bbox 341 2481 475 2552; x_wconf 90' lang='lat' dir='ltr'>iubeat</span> <span class='ocrx_word' id='word_1_104' title='bbox 498 2479 599 2568; x_wconf 82' lang='lat' dir='ltr'>dari3</span> <span class='ocrx_word' id='word_1_105' title='bbox 630 2487 668 2551; x_wconf 87' lang='lat' dir='ltr'>et</span> <span class='ocrx_word' id='word_1_106' title='bbox 695 2500 775 2551; x_wconf 91' lang='lat' dir='ltr'>non</span> <span class='ocrx_word' id='word_1_107' title='bbox 799 2480 1050 2554; x_wconf 85' lang='lat' dir='ltr'>contristetur</span> 
     </span>
     <span class='ocr_line' id='line_1_22' title="bbox 212 2579 1049 2671; baseline 0.001 -21"><span class='ocrx_word' id='word_1_108' title='bbox 212 2582 333 2653; x_wconf 86' lang='lat' dir='ltr'>frater</span> <span class='ocrx_word' id='word_1_109' title='bbox 356 2581 419 2654; x_wconf 92' lang='lat' dir='ltr'>cui</span> <span class='ocrx_word' id='word_1_110' title='bbox 434 2580 535 2652; x_wconf 83' lang='lat' dir='ltr'>iorte</span> <span class='ocrx_word' id='word_1_111' title='bbox 550 2579 740 2654; x_wconf 86' lang='lat' dir='ltr'>directum</span> <span class='ocrx_word' id='word_1_112' title='bbox 754 2580 890 2671; x_wconf 86' lang='lat' dir='ltr'>fuerat,</span> <span class='ocrx_word' id='word_1_113' title='bbox 911 2589 954 2654; x_wconf 90' lang='lat' dir='ltr'>ut</span> <span class='ocrx_word' id='word_1_114' title='bbox 968 2599 1049 2652; x_wconf 92' lang='lat' dir='ltr'>non</span> 
     </span>
     <span class='ocr_line' id='line_1_23' title="bbox 214 2680 732 2762; baseline 0.002 -10"><span class='ocrx_word' id='word_1_115' title='bbox 214 2682 327 2755; x_wconf 87' lang='lat' dir='ltr'>detur</span> <span class='ocrx_word' id='word_1_116' title='bbox 350 2681 508 2756; x_wconf 87' lang='lat' dir='ltr'>occasio</span> <span class='ocrx_word' id='word_1_117' title='bbox 533 2680 704 2762; x_wconf 86' lang='lat' dir='ltr'>diabolo.</span> <span class='ocrx_word' id='word_1_118' title='bbox 729 2697 732 2702; x_wconf 70' lang='grc'>’</span> 
     </span>
    </p>
   </div>
   <div class='ocr_carea' id='block_1_7' title="bbox 216 2795 1048 2985">
    <p class='ocr_par' dir='ltr' id='par_1_7' title="bbox 216 2795 1048 2985">
     <span class='ocr_line' id='line_1_24' title="bbox 301 2795 1048 2885; baseline -0.001 -18"><span class='ocrx_word' id='word_1_119' title='bbox 301 2796 378 2880; x_wconf 90' lang='lat' dir='ltr'>Qui</span> <span class='ocrx_word' id='word_1_120' title='bbox 423 2803 552 2868; x_wconf 87' lang='lat' dir='ltr'>autem</span> <span class='ocrx_word' id='word_1_121' title='bbox 596 2795 710 2866; x_wconf 89' lang='lat' dir='ltr'>aliter</span> <span class='ocrx_word' id='word_1_122' title='bbox 742 2795 1048 2885; x_wconf 86' lang='lat' dir='ltr'>praesumpserit,</span> 
     </span>
     <span class='ocr_line' id='line_1_25' title="bbox 216 2895 866 2985; baseline 0.002 -19"><span class='ocrx_word' id='word_1_123' title='bbox 216 2895 439 2985; x_wconf 86' lang='lat' dir='ltr'>disciplinae</span> <span class='ocrx_word' id='word_1_124' title='bbox 461 2895 633 2984; x_wconf 82' lang='lat' dir='ltr'>regulari</span> <span class='ocrx_word' id='word_1_125' title='bbox 655 2895 866 2967; x_wconf 88' lang='lat' dir='ltr'>subiaceat.</span> 
     </span>
    </p>
   </div>
   <div class='ocr_carea' id='block_1_8' title="bbox 0 0 1184 3564">
    <p class='ocr_par' dir='ltr' id='par_1_8' title="bbox 0 0 1184 3564">
     <span class='ocr_line' id='line_1_26' title="bbox 0 0 1184 3564; baseline 0 0"><span class='ocrx_word' id='word_1_126' title='bbox 0 0 1184 3564; x_wconf 95' lang='lat' dir='ltr'> </span> 
     </span>
    </p>
   </div>
  </div>
 </body>
</html>
