2356 3564
490 133 729 207 ...122-

197 307 292 379 teris
315 329 361 380 ac
384 308 675 381 characteribus
699 315 779 382 ate
800 306 1030 398 designatis,

199 408 341 482 devote
363 409 618 498 invocaverit,
645 418 792 484 etcum
816 409 867 481 ad
890 409 1031 481 salutis

198 517 355 597 portum
376 510 590 600 perducere
614 508 798 600 digneris.
836 509 911 594 Qui
924 509 1031 582 vivis

200 619 238 682 et
257 631 398 702 regnas
422 611 463 682 in
484 611 630 683 saecula
654 611 897 683 saeculorum.

286 710 333 802 B.
356 712 492 783 Amen.

289 828 517 902 Benedictio
542 827 617 900 Dei
642 825 770 901 Patris
798 839 829 905 ›1-
858 829 1035 921 omnipo·

201 929 330 1018 tentis,
354 935 392 1001 et
415 927 507 1000 Filii
530 929 584 1017 ir,
601 937 639 1000 et
662 928 831 1018 Spiritus
854 940 885 1006 ›1‹
908 931 1037 1002 sancti

203 1030 417 1102 descendat
448 1029 679 1120 superhaec
709 1029 958 1119 numismata,
989 1051 1036 1102 ac

117 1193 120 1200 A
204 1151 251 1202 ea
280 1129 497 1219 gestantes,
532 1136 569 1201 et
604 1139 760 1202 maneat
792 1150 963 1221 semper,
996 1131 1037 1204 in

203 1232 361 1302 nomine
377 1230 505 1302 Patris
523 1242 569 1320 ιιι,
591 1239 628 1302 et
645 1229 737 1302 Filii
752 1241 798 1319 ιιι,
815 1240 853 1303 et
867 1229 1037 1321 Spiritus

205 1331 396 1409 *sancti
440 1331 577 1404 Amen.

207 1525 226 1581 b
282 1445 404 1579 dDeinde
429 1444 570 1502 Sacerdos
594 1445 740 1516 adspergit
762 1444 941 1502 Numismata
964 1458 1040 1513 aqua

228 1540 281 1580 ene
303 1525 366 1580 icta.

207 1726 402 1801 Benedictio
423 1725 633 1798 infirmorum
653 1746 728 1798 cum
742 1726 837 1817 ligno
855 1727 907 1801 Ss.
923 1727 1040 1802 Crucis

527 1827 567 1899 D.
579 1826 620 1900 N.
636 1829 666 1915 J.
683 1826 717 1901 C.

347 1949 407 1997 seu
422 1926 557 2017 signum
573 1923 606 2001 S.
619 1927 731 2000 Mauri
744 1928 901 2001 Abbatis.

354 2036 511 2104 Adprooara
523 2055 576 2102 pro
597 2039 696 2092 Ordine
712 2038 738 2090 S.
754 2037 895 2090 Benedicti

211 2135 313 2264 Αιιτοε
331 2129 386 2184 rite
403 2133 563 2200 exponatur
580 2128 713 2198 Reliquis
730 2143 808 2184 verae
827 2127 928 2184 Crucis
945 2127 1042 2183 Domi-

277 2208 349 2262 nicae
368 2207 480 2262 duabus
501 2207 602 2262 saltem
620 2207 747 2278 candelis
764 2207 900 2262 accensis.
931 2207 1042 2262 Excite-

210 2295 258 2343 tur
272 2286 374 2341 deinde
393 2285 551 2340 ininfirmo
566 2292 648 2342 actus
664 2285 857 2356 contritionis,
874 2291 903 2340 et
916 2283 1000 2340 firma
1012 2285 1042 2340 fi-

210 2365 302 2435 ducia,
316 2371 349 2420 ut
363 2363 478 2432 adjutus
491 2363 601 2419 meritis
614 2365 642 2421 S.
654 2366 686 2420 P.
701 2363 850 2419 Benedicti
863 2369 891 2418 et
905 2362 1043 2433 SMauri,

210 2445 280 2514 ipsis
294 2441 546 2512 intercedentibus,
562 2441 586 2497 si
599 2443 661 2497 Deo
675 2443 795 2513 placeat,
807 2443 958 2498 sanitatem
971 2442 1043 2496 obti-

209 2529 284 2577 neat.
313 2522 482 2577 Recitentur
500 2527 559 2576 tres
578 2524 662 2578 Pater
682 2521 858 2591 totidemque
875 2522 932 2577 Ave
949 2522 1044 2578 Maria

210 2607 239 2655 et
253 2603 347 2658 Gloria
360 2601 391 2655 in
403 2601 541 2656 honorem
551 2599 744 2657 Sanctissimae
750 2600 912 2656 Trinitatis:
926 2605 987 2655 tum
1001 2609 1044 2655 sar¹

212 2679 316 2734 cerdos
330 2679 446 2736 Ordinis
459 2679 487 2736 S.
500 2678 648 2733 Benedicti
656 2679 775 2750 indutus
789 2678 862 2734 stola
875 2678 956 2734 rubri
971 2678 1045 2733 colo·
1164 2683 1165 2722 ἓ

212 2756 262 2826 ris,
276 2773 363 2812 manu
377 2758 494 2812 dextera
507 2762 606 2812 tenens
620 2757 925 2826 elevatamReliquiam
939 2761 1045 2812 sanctae
1164 2763 1165 2826 ἢ

111 2865 114 2872 ν
214 2835 316 2890 Crucis
329 2851 427 2891 coram
441 2835 563 2906 infirmo,
577 2835 658 2890 dicit:
1164 2835 1165 2862 ³
