2356 3564
429 194 669 268 -121-

130 389 202 457 per
234 369 555 444 intercessionem
591 372 718 458 sancti
748 372 963 460 Benedicti,

130 468 193 540 his
229 471 352 542 sacris
386 472 699 563 numismatibus,
736 474 878 546 litteris
918 493 964 544 ac

130 569 421 647 characteribus
461 580 553 646 ate
592 574 819 665 designatis,
857 582 964 648 tuam

128 672 443 746 benedictionem
458 673 659 746 infundas:
683 683 726 746 ut
742 695 877 747 omnes
895 673 963 764 qui

130 793 177 844 ea
200 776 454 864 gestaverint,
483 796 529 847 ac
556 775 673 847 bonis
697 775 884 866 operibus
907 775 962 846 in·

128 874 225 946 tenti
247 875 401 965 fuerint,
424 876 632 948 sanitatem
655 875 796 949 mentis
820 881 858 946 et
880 894 962 946 cor·

128 974 249 1064 poris,
265 984 303 1047 et
317 976 484 1066 gratiam
495 974 829 1062 sanctificationis,
846 983 962 1064 atque
987 1029 989 1033 -

119 1071 393 1163 indulgentias
412 1075 528 1148 nobis
545 1096 755 1148 concessas
772 1076 962 1165 consequi

127 1184 363 1266 mereantur3
388 1197 601 1268 omnesque
623 1176 773 1248 diaboli
794 1174 961 1247 insidias

128 1282 167 1347 et
188 1275 358 1366 fraudes,
381 1298 453 1368 per
470 1278 661 1350 auxilium
678 1277 961 1370 misericordiae

126 1383 216 1466 tuae,
237 1377 405 1469 effugere
429 1378 597 1468 valeant,
621 1387 660 1450 et
682 1379 723 1448 in
747 1385 961 1467 conspectu

127 1484 195 1550 tuo
231 1479 356 1551 sancti
391 1488 429 1551 et
462 1477 702 1551 immaculati
735 1487 960 1569 appareant.

127 1577 203 1650 Per
232 1579 443 1651 Dominum
472 1586 651 1652 nostrum
681 1580 817 1652 Jesum
851 1580 961 1652 Chri·

127 1688 239 1770 stum,
263 1688 333 1754 etc.
379 1682 424 1772 It.
447 1681 584 1755 Amen.

445 1781 631 1854 oremus

213 1880 379 1953 Domine
402 1882 428 1953 J
429 1903 499 1954 esu
515 1883 681 1970 Christe,
705 1881 773 1970 qui
795 1881 959 1952 voluisti

125 1998 198 2068 pro
221 1980 342 2053 totius
366 1982 502 2053 mundi
517 1982 786 2074 redemptione
808 1981 857 2052 de
872 1982 958 2053 Vir-

126 2079 217 2167 gine
247 2082 368 2172 nasci,
399 2083 636 2170 circumcidi,
667 2103 690 2154 a
720 2081 872 2153 Judaeis
901 2104 958 2155 re-

125 2181 298 2271 probari,
329 2183 445 2256 Judae
476 2184 613 2256 osculo
644 2182 757 2271 tradi,
788 2183 957 2256 vinculis

126 2281 292 2372 alligari,
316 2283 443 2374 spinis
467 2285 659 2374 coronari,
682 2284 807 2357 clavis
830 2284 958 2374 perfo-

125 2383 214 2473 rari,
252 2382 353 2457 inter
385 2385 559 2457 latrones
595 2384 784 2474 crucifigi,
819 2385 958 2456 lancea

38 2567 40 2571 ,
124 2486 333 2575 vulnerari,
365 2494 405 2560 et
434 2487 593 2559 tandem
625 2485 666 2556 in
698 2504 812 2556 cruce
840 2485 956 2557 mori:

12 2653 17 2660 .
123 2605 195 2675 per
222 2587 324 2658 hanc
354 2596 461 2659 tuam
489 2585 778 2659 sanctissimam
804 2585 956 2675 passio-

123 2707 213 2760 nem
234 2688 432 2761 humiliter
448 2710 584 2778 exor03
608 2694 651 2760 ut
667 2706 802 2759 omnes
820 2686 956 2759 diabo-

123 2787 221 2860 licas
250 2789 417 2862 insidias
447 2798 486 2861 et
512 2789 670 2862 fraudes
699 2788 876 2877 expellas
906 2789 956 2860 ab

125 2907 183 2975 e0,
208 2889 275 2977 qui
297 2910 439 2963 nomen
458 2897 636 2963 sanctum
656 2897 779 2977 tuum,
793 2887 870 2959 his
892 2889 954 2960 lit-
