<?xml version="1.0" encoding="UTF-8"?>
<!DOCTYPE html PUBLIC "-//W3C//DTD XHTML 1.0 Transitional//EN"
    "http://www.w3.org/TR/xhtml1/DTD/xhtml1-transitional.dtd">
<html xmlns="http://www.w3.org/1999/xhtml" xml:lang="en" lang="en">
 <head>
  <title>
</title>
<meta http-equiv="Content-Type" content="text/html;charset=utf-8" />
  <meta name='ocr-system' content='tesseract 3.04.00' />
  <meta name='ocr-capabilities' content='ocr_page ocr_carea ocr_par ocr_line ocrx_word'/>
</head>
<body>
  <div class='ocr_page' id='page_1' title='image "./regluasanctipat00benegoog_0116.png"; bbox 0 0 2356 3564; ppageno 0'>
   <div class='ocr_carea' id='block_1_1' title="bbox 427 183 648 254">
    <p class='ocr_par' dir='ltr' id='par_1_1' title="bbox 427 183 648 254">
     <span class='ocr_line' id='line_1_1' title="bbox 427 183 648 254; baseline 0.045 -9"><span class='ocrx_word' id='word_1_1' title='bbox 427 183 648 254; x_wconf 58' lang='lat'>-95-</span> 
     </span>
    </p>
   </div>
   <div class='ocr_carea' id='block_1_2' title="bbox 114 459 949 550">
    <p class='ocr_par' dir='ltr' id='par_1_2' title="bbox 114 459 949 550">
     <span class='ocr_line' id='line_1_2' title="bbox 114 459 949 550; baseline 0.002 -22"><span class='ocrx_word' id='word_1_2' title='bbox 114 479 273 547; x_wconf 83' lang='lat' dir='ltr'>gressus</span> <span class='ocrx_word' id='word_1_3' title='bbox 297 467 390 549; x_wconf 89' lang='lat' dir='ltr'>post</span> <span class='ocrx_word' id='word_1_4' title='bbox 411 467 578 548; x_wconf 87' lang='lat' dir='ltr'>quatuor</span> <span class='ocrx_word' id='word_1_5' title='bbox 592 467 658 532; x_wconf 88' lang='lat' dir='ltr'>aut</span> <span class='ocrx_word' id='word_1_6' title='bbox 675 461 846 550; x_wconf 90' lang='lat' dir='ltr'>quinque</span> <span class='ocrx_word' id='word_1_7' title='bbox 864 459 949 530; x_wconf 88' lang='lat' dir='ltr'>dies</span> 
     </span>
    </p>
   </div>
   <div class='ocr_carea' id='block_1_3' title="bbox 11 558 950 651">
    <p class='ocr_par' dir='ltr' id='par_1_3' title="bbox 11 558 950 651">
     <span class='ocr_line' id='line_1_3' title="bbox 11 558 950 651; baseline -0.002 -20"><span class='ocrx_word' id='word_1_8' title='bbox 11 645 12 648; x_wconf 8' lang='grc' dir='ltr'><strong>Ἴ</strong></span> <span class='ocrx_word' id='word_1_9' title='bbox 113 558 225 632; x_wconf 87' lang='lat' dir='ltr'>visus</span> <span class='ocrx_word' id='word_1_10' title='bbox 248 558 365 631; x_wconf 81' lang='lat' dir='ltr'>tuerit</span> <span class='ocrx_word' id='word_1_11' title='bbox 392 559 587 649; x_wconf 82' lang='lat' dir='ltr'>patienter</span> <span class='ocrx_word' id='word_1_12' title='bbox 608 568 766 651; x_wconf 90' lang='lat' dir='ltr'>portare</span> <span class='ocrx_word' id='word_1_13' title='bbox 798 570 840 631; x_wconf 89' lang='lat' dir='ltr'>et</span> <span class='ocrx_word' id='word_1_14' title='bbox 864 580 950 650; x_wconf 90' lang='lat' dir='ltr'>per·</span> 
     </span>
    </p>
   </div>
   <div class='ocr_carea' id='block_1_4' title="bbox 109 659 970 2973">
    <p class='ocr_par' dir='ltr' id='par_1_4' title="bbox 113 659 949 933">
     <span class='ocr_line' id='line_1_4' title="bbox 114 659 949 749; baseline 0.002 -19"><span class='ocrx_word' id='word_1_15' title='bbox 114 659 252 732; x_wconf 85' lang='lat' dir='ltr'>sistere</span> <span class='ocrx_word' id='word_1_16' title='bbox 281 659 464 749; x_wconf 87' lang='lat' dir='ltr'>petitioni</span> <span class='ocrx_word' id='word_1_17' title='bbox 485 681 584 749; x_wconf 90' lang='lat' dir='ltr'>suae,</span> <span class='ocrx_word' id='word_1_18' title='bbox 614 669 807 733; x_wconf 84' lang='lat' dir='ltr'><strong>annuatur</strong></span> <span class='ocrx_word' id='word_1_19' title='bbox 832 659 870 732; x_wconf 91' lang='lat' dir='ltr'>ei</span> <span class='ocrx_word' id='word_1_20' title='bbox 893 660 949 732; x_wconf 88' lang='lat' dir='ltr'>in-</span> 
     </span>
     <span class='ocr_line' id='line_1_5' title="bbox 113 761 949 852; baseline 0.001 -20"><span class='ocrx_word' id='word_1_21' title='bbox 113 780 283 850; x_wconf 71' lang='lat' dir='ltr'>gressus</span> <span class='ocrx_word' id='word_1_22' title='bbox 311 768 348 833; x_wconf 89' lang='lat' dir='ltr'>et</span> <span class='ocrx_word' id='word_1_23' title='bbox 370 761 486 842; x_wconf 83' lang='lat' dir='ltr'>sitin</span> <span class='ocrx_word' id='word_1_24' title='bbox 510 761 609 834; x_wconf 85' lang='lat' dir='ltr'>cella</span> <span class='ocrx_word' id='word_1_25' title='bbox 631 761 833 852; x_wconf 89' lang='lat' dir='ltr'>hospitum</span> <span class='ocrx_word' id='word_1_26' title='bbox 855 781 949 851; x_wconf 88' lang='lat' dir='ltr'>pau-</span> 
     </span>
     <span class='ocr_line' id='line_1_6' title="bbox 114 860 346 933; baseline 0.004 -2"><span class='ocrx_word' id='word_1_27' title='bbox 114 861 170 933; x_wconf 87' lang='lat' dir='ltr'>cis</span> <span class='ocrx_word' id='word_1_28' title='bbox 195 860 346 932; x_wconf 89' lang='lat' dir='ltr'>diebus.</span> 
     </span>
    </p>

    <p class='ocr_par' dir='ltr' id='par_1_5' title="bbox 110 960 970 1942">
     <span class='ocr_line' id='line_1_7' title="bbox 201 960 950 1037; baseline 0.004 -6"><span class='ocrx_word' id='word_1_29' title='bbox 201 960 350 1031; x_wconf 76' lang='lat' dir='ltr'>Possm</span> <span class='ocrx_word' id='word_1_30' title='bbox 375 968 504 1034; x_wconf 86' lang='lat' dir='ltr'>autem</span> <span class='ocrx_word' id='word_1_31' title='bbox 528 961 579 1032; x_wconf 90' lang='lat' dir='ltr'>sit</span> <span class='ocrx_word' id='word_1_32' title='bbox 602 962 644 1032; x_wconf 95' lang='lat' dir='ltr'>in</span> <span class='ocrx_word' id='word_1_33' title='bbox 664 963 764 1037; x_wconf 86' lang='lat' dir='ltr'>cella</span> <span class='ocrx_word' id='word_1_34' title='bbox 780 962 950 1034; x_wconf 87' lang='lat' dir='ltr'>novitio·</span> 
     </span>
     <span class='ocr_line' id='line_1_8' title="bbox 112 1061 950 1149; baseline 0.001 -18"><span class='ocrx_word' id='word_1_35' title='bbox 112 1081 207 1149; x_wconf 91' lang='lat' dir='ltr'>rum,</span> <span class='ocrx_word' id='word_1_36' title='bbox 223 1061 292 1132; x_wconf 91' lang='lat' dir='ltr'>ubi</span> <span class='ocrx_word' id='word_1_37' title='bbox 306 1061 495 1133; x_wconf 88' lang='lat' dir='ltr'>meditent</span> <span class='ocrx_word' id='word_1_38' title='bbox 508 1068 546 1133; x_wconf 90' lang='lat' dir='ltr'>et</span> <span class='ocrx_word' id='word_1_39' title='bbox 557 1061 793 1142; x_wconf 81' lang='lat' dir='ltr'>manducent</span> <span class='ocrx_word' id='word_1_40' title='bbox 808 1068 846 1132; x_wconf 87' lang='lat' dir='ltr'>et</span> <span class='ocrx_word' id='word_1_41' title='bbox 860 1062 950 1134; x_wconf 91' lang='lat' dir='ltr'>dor·</span> 
     </span>
     <span class='ocr_line' id='line_1_9' title="bbox 112 1161 950 1252; baseline 0.005 -22"><span class='ocrx_word' id='word_1_42' title='bbox 112 1161 244 1232; x_wconf 85' lang='lat' dir='ltr'>miant.</span> <span class='ocrx_word' id='word_1_43' title='bbox 289 1161 338 1233; x_wconf 86' lang='lat' dir='ltr'>Et</span> <span class='ocrx_word' id='word_1_44' title='bbox 365 1161 499 1234; x_wconf 89' lang='lat' dir='ltr'>senior</span> <span class='ocrx_word' id='word_1_45' title='bbox 532 1161 589 1232; x_wconf 89' lang='lat' dir='ltr'>eis</span> <span class='ocrx_word' id='word_1_46' title='bbox 618 1161 711 1233; x_wconf 84' lang='lat' dir='ltr'>talis</span> <span class='ocrx_word' id='word_1_47' title='bbox 742 1162 950 1252; x_wconf 89' lang='lat' dir='ltr'>deputetur</span> 
     </span>
     <span class='ocr_line' id='line_1_10' title="bbox 112 1261 950 1352; baseline 0.006 -20"><span class='ocrx_word' id='word_1_48' title='bbox 112 1261 181 1351; x_wconf 91' lang='lat' dir='ltr'>qui</span> <span class='ocrx_word' id='word_1_49' title='bbox 196 1269 311 1351; x_wconf 87' lang='lat' dir='ltr'>aptus</span> <span class='ocrx_word' id='word_1_50' title='bbox 331 1261 383 1336; x_wconf 92' lang='lat' dir='ltr'>sit</span> <span class='ocrx_word' id='word_1_51' title='bbox 399 1261 450 1333; x_wconf 89' lang='lat' dir='ltr'>ad</span> <span class='ocrx_word' id='word_1_52' title='bbox 464 1261 675 1335; x_wconf 88' lang='lat' dir='ltr'>lucrandas</span> <span class='ocrx_word' id='word_1_53' title='bbox 695 1263 856 1352; x_wconf 85' lang='lat' dir='ltr'>animas,</span> <span class='ocrx_word' id='word_1_54' title='bbox 881 1264 950 1352; x_wconf 90' lang='lat' dir='ltr'>qui</span> 
     </span>
     <span class='ocr_line' id='line_1_11' title="bbox 112 1362 949 1452; baseline 0.004 -18"><span class='ocrx_word' id='word_1_55' title='bbox 112 1382 232 1452; x_wconf 89' lang='lat' dir='ltr'>super</span> <span class='ocrx_word' id='word_1_56' title='bbox 255 1382 323 1434; x_wconf 86' lang='lat' dir='ltr'>eos</span> <span class='ocrx_word' id='word_1_57' title='bbox 348 1362 508 1435; x_wconf 92' lang='lat' dir='ltr'>omnino</span> <span class='ocrx_word' id='word_1_58' title='bbox 532 1364 687 1436; x_wconf 85' lang='lat' dir='ltr'>curiose</span> <span class='ocrx_word' id='word_1_59' title='bbox 703 1364 889 1440; x_wconf 83' lang='lat' dir='ltr'>intendat.</span> <span class='ocrx_word' id='word_1_60' title='bbox 906 1404 949 1416; x_wconf 85' lang='lat'>-—</span> 
     </span>
     <span class='ocr_line' id='line_1_12' title="bbox 111 1463 947 1556; baseline 0.005 -23"><span class='ocrx_word' id='word_1_61' title='bbox 111 1463 160 1534; x_wconf 89' lang='lat' dir='ltr'>Et</span> <span class='ocrx_word' id='word_1_62' title='bbox 175 1463 401 1537; x_wconf 87' lang='lat' dir='ltr'>sollicitudo</span> <span class='ocrx_word' id='word_1_63' title='bbox 419 1464 480 1554; x_wconf 90' lang='lat' dir='ltr'>sit,</span> <span class='ocrx_word' id='word_1_64' title='bbox 498 1465 535 1550; x_wconf 85' lang='lat' dir='ltr'>si¹</span> <span class='ocrx_word' id='word_1_65' title='bbox 547 1485 687 1538; x_wconf 87' lang='lat' dir='ltr'>revera</span> <span class='ocrx_word' id='word_1_66' title='bbox 702 1464 828 1538; x_wconf 90' lang='lat' dir='ltr'>Deum</span> <span class='ocrx_word' id='word_1_67' title='bbox 843 1487 947 1556; x_wconf 88' lang='lat' dir='ltr'>quae-</span> 
     </span>
     <span class='ocr_line' id='line_1_13' title="bbox 111 1564 950 1656; baseline 0.004 -21"><span class='ocrx_word' id='word_1_68' title='bbox 111 1564 176 1653; x_wconf 83' lang='lat' dir='ltr'>rit,</span> <span class='ocrx_word' id='word_1_69' title='bbox 207 1565 242 1636; x_wconf 88' lang='lat' dir='ltr'>si</span> <span class='ocrx_word' id='word_1_70' title='bbox 268 1566 464 1639; x_wconf 86' lang='lat' dir='ltr'>sollicitus</span> <span class='ocrx_word' id='word_1_71' title='bbox 487 1574 548 1640; x_wconf 88' lang='lat' dir='ltr'>est</span> <span class='ocrx_word' id='word_1_72' title='bbox 570 1566 622 1638; x_wconf 84' lang='lat' dir='ltr'>ad</span> <span class='ocrx_word' id='word_1_73' title='bbox 645 1567 755 1656; x_wconf 88' lang='lat' dir='ltr'>Opus</span> <span class='ocrx_word' id='word_1_74' title='bbox 777 1566 868 1656; x_wconf 88' lang='lat' dir='ltr'>Dei,</span> <span class='ocrx_word' id='word_1_75' title='bbox 897 1567 950 1640; x_wconf 86' lang='lat' dir='ltr'>ad</span> 
     </span>
     <span class='ocr_line' id='line_1_14' title="bbox 112 1663 948 1759; baseline 0.004 -24"><span class='ocrx_word' id='word_1_76' title='bbox 112 1663 387 1754; x_wconf 86' lang='lat' dir='ltr'>obedientiam,</span> <span class='ocrx_word' id='word_1_77' title='bbox 404 1665 455 1738; x_wconf 87' lang='lat' dir='ltr'>ad</span> <span class='ocrx_word' id='word_1_78' title='bbox 472 1668 713 1759; x_wconf 82' lang='lat' dir='ltr'>opprobria·</span> <span class='ocrx_word' id='word_1_79' title='bbox 728 1667 948 1740; x_wconf 86' lang='lat' dir='ltr'>Praedicen-</span> 
     </span>
     <span class='ocr_line' id='line_1_15' title="bbox 110 1769 970 1863; baseline 0.003 -24"><span class='ocrx_word' id='word_1_80' title='bbox 110 1776 174 1840; x_wconf 86' lang='lat' dir='ltr'>tur</span> <span class='ocrx_word' id='word_1_81' title='bbox 189 1769 235 1840; x_wconf 92' lang='lat' dir='ltr'>ei</span> <span class='ocrx_word' id='word_1_82' title='bbox 258 1770 388 1841; x_wconf 88' lang='lat' dir='ltr'>omnia</span> <span class='ocrx_word' id='word_1_83' title='bbox 417 1771 516 1843; x_wconf 91' lang='lat' dir='ltr'>dura</span> <span class='ocrx_word' id='word_1_84' title='bbox 539 1780 576 1844; x_wconf 87' lang='lat' dir='ltr'>et</span> <span class='ocrx_word' id='word_1_85' title='bbox 599 1793 741 1862; x_wconf 89' lang='lat' dir='ltr'>aspera</span> <span class='ocrx_word' id='word_1_86' title='bbox 764 1794 836 1863; x_wconf 92' lang='lat' dir='ltr'>per</span> <span class='ocrx_word' id='word_1_87' title='bbox 859 1791 970 1862; x_wconf 76' lang='lat' dir='ltr'>quae¹</span> 
     </span>
     <span class='ocr_line' id='line_1_16' title="bbox 113 1868 431 1942; baseline 0.013 -4"><span class='ocrx_word' id='word_1_88' title='bbox 113 1869 191 1939; x_wconf 92' lang='lat' dir='ltr'>itur</span> <span class='ocrx_word' id='word_1_89' title='bbox 215 1868 266 1939; x_wconf 88' lang='lat' dir='ltr'>ad</span> <span class='ocrx_word' id='word_1_90' title='bbox 288 1869 431 1942; x_wconf 49' lang='lat' dir='ltr'>Deum&gt;</span> 
     </span>
    </p>

    <p class='ocr_par' dir='ltr' id='par_1_6' title="bbox 109 1968 949 2973">
     <span class='ocr_line' id='line_1_17' title="bbox 199 1968 948 2058; baseline 0.004 -18"><span class='ocrx_word' id='word_1_91' title='bbox 199 1968 242 2040; x_wconf 90' lang='lat' dir='ltr'>Si</span> <span class='ocrx_word' id='word_1_92' title='bbox 275 1971 501 2058; x_wconf 84' lang='lat' dir='ltr'>promiserit</span> <span class='ocrx_word' id='word_1_93' title='bbox 530 1972 578 2043; x_wconf 94' lang='lat' dir='ltr'>de</span> <span class='ocrx_word' id='word_1_94' title='bbox 609 1971 835 2043; x_wconf 81' lang='lat' dir='ltr'>stabilitatis</span> <span class='ocrx_word' id='word_1_95' title='bbox 865 1991 948 2046; x_wconf 85' lang='lat' dir='ltr'>suae</span> 
     </span>
     <span class='ocr_line' id='line_1_18' title="bbox 110 2070 949 2160; baseline 0.005 -20"><span class='ocrx_word' id='word_1_96' title='bbox 110 2070 422 2160; x_wconf 85' lang='lat' dir='ltr'>perseverantia,</span> <span class='ocrx_word' id='word_1_97' title='bbox 449 2080 542 2160; x_wconf 90' lang='lat' dir='ltr'>post</span> <span class='ocrx_word' id='word_1_98' title='bbox 567 2072 734 2144; x_wconf 92' lang='lat' dir='ltr'>duorum</span> <span class='ocrx_word' id='word_1_99' title='bbox 755 2073 949 2157; x_wconf 89' lang='lat' dir='ltr'>mensium</span> 
     </span>
     <span class='ocr_line' id='line_1_19' title="bbox 112 2169 948 2264; baseline 0.006 -25"><span class='ocrx_word' id='word_1_100' title='bbox 112 2169 300 2240; x_wconf 86' lang='lat' dir='ltr'>circulum</span> <span class='ocrx_word' id='word_1_101' title='bbox 329 2170 483 2259; x_wconf 85' lang='lat' dir='ltr'>legatur</span> <span class='ocrx_word' id='word_1_102' title='bbox 516 2171 553 2242; x_wconf 92' lang='lat' dir='ltr'>ei</span> <span class='ocrx_word' id='word_1_103' title='bbox 582 2171 668 2247; x_wconf 87' lang='lat' dir='ltr'>haee</span> <span class='ocrx_word' id='word_1_104' title='bbox 696 2172 847 2262; x_wconf 83' lang='lat' dir='ltr'>Regula</span> <span class='ocrx_word' id='word_1_105' title='bbox 876 2194 948 2264; x_wconf 90' lang='lat' dir='ltr'>per</span> 
     </span>
     <span class='ocr_line' id='line_1_20' title="bbox 111 2269 946 2358; baseline 0.005 -17"><span class='ocrx_word' id='word_1_106' title='bbox 111 2269 299 2358; x_wconf 86' lang='lat' dir='ltr'>ordinem,</span> <span class='ocrx_word' id='word_1_107' title='bbox 325 2279 362 2342; x_wconf 89' lang='lat' dir='ltr'>et</span> <span class='ocrx_word' id='word_1_108' title='bbox 385 2271 538 2344; x_wconf 78' lang='lat' dir='ltr'>dieatm</span> <span class='ocrx_word' id='word_1_109' title='bbox 561 2273 612 2344; x_wconf 92' lang='lat' dir='ltr'>ei:</span> <span class='ocrx_word' id='word_1_110' title='bbox 642 2273 743 2344; x_wconf 88' lang='lat' dir='ltr'>Ecce</span> <span class='ocrx_word' id='word_1_111' title='bbox 766 2273 848 2345; x_wconf 85' lang='lat' dir='ltr'>Lex</span> <span class='ocrx_word' id='word_1_112' title='bbox 872 2275 946 2346; x_wconf 89' lang='lat' dir='ltr'>sub</span> 
     </span>
     <span class='ocr_line' id='line_1_21' title="bbox 111 2371 946 2464; baseline 0.007 -24"><span class='ocrx_word' id='word_1_113' title='bbox 111 2390 190 2459; x_wconf 89' lang='lat' dir='ltr'>qua</span> <span class='ocrx_word' id='word_1_114' title='bbox 217 2371 385 2444; x_wconf 86' lang='lat' dir='ltr'>militare</span> <span class='ocrx_word' id='word_1_115' title='bbox 407 2373 485 2460; x_wconf 83' lang='lat' dir='ltr'>vis3</span> <span class='ocrx_word' id='word_1_116' title='bbox 515 2374 550 2444; x_wconf 91' lang='lat' dir='ltr'>si</span> <span class='ocrx_word' id='word_1_117' title='bbox 578 2381 692 2464; x_wconf 87' lang='lat' dir='ltr'>potes</span> <span class='ocrx_word' id='word_1_118' title='bbox 723 2375 946 2464; x_wconf 88' lang='lat' dir='ltr'>observare,</span> 
     </span>
     <span class='ocr_line' id='line_1_22' title="bbox 109 2472 945 2572; baseline 0.005 -30"><span class='ocrx_word' id='word_1_119' title='bbox 109 2472 330 2562; x_wconf 80' lang='lat' dir='ltr'>ingredere3</span> <span class='ocrx_word' id='word_1_120' title='bbox 351 2474 497 2546; x_wconf 86' lang='lat' dir='ltr'>sivero</span> <span class='ocrx_word' id='word_1_121' title='bbox 513 2493 593 2572; x_wconf 89' lang='lat' dir='ltr'>non</span> <span class='ocrx_word' id='word_1_122' title='bbox 610 2481 735 2564; x_wconf 87' lang='lat' dir='ltr'>potes,</span> <span class='ocrx_word' id='word_1_123' title='bbox 750 2475 851 2546; x_wconf 90' lang='lat' dir='ltr'>liber</span> <span class='ocrx_word' id='word_1_124' title='bbox 868 2475 945 2547; x_wconf 92' lang='lat' dir='ltr'>dis-</span> 
     </span>
     <span class='ocr_line' id='line_1_23' title="bbox 110 2572 945 2664; baseline 0.006 -22"><span class='ocrx_word' id='word_1_125' title='bbox 110 2572 215 2643; x_wconf 90' lang='lat' dir='ltr'>cede.</span> <span class='ocrx_word' id='word_1_126' title='bbox 240 2573 348 2646; x_wconf 89' lang='lat' dir='ltr'>—Si</span> <span class='ocrx_word' id='word_1_127' title='bbox 372 2575 501 2647; x_wconf 85' lang='lat' dir='ltr'>adhue</span> <span class='ocrx_word' id='word_1_128' title='bbox 525 2576 685 2664; x_wconf 88' lang='lat' dir='ltr'>steterit,</span> <span class='ocrx_word' id='word_1_129' title='bbox 714 2583 806 2647; x_wconf 92' lang='lat' dir='ltr'>tunc</span> <span class='ocrx_word' id='word_1_130' title='bbox 830 2577 945 2664; x_wconf 88' lang='lat' dir='ltr'>duca-</span> 
     </span>
     <span class='ocr_line' id='line_1_24' title="bbox 109 2673 946 2765; baseline 0.006 -22"><span class='ocrx_word' id='word_1_131' title='bbox 109 2681 172 2743; x_wconf 87' lang='lat' dir='ltr'>tur</span> <span class='ocrx_word' id='word_1_132' title='bbox 193 2673 235 2744; x_wconf 91' lang='lat' dir='ltr'>in</span> <span class='ocrx_word' id='word_1_133' title='bbox 258 2676 525 2765; x_wconf 88' lang='lat' dir='ltr'>supradictam</span> <span class='ocrx_word' id='word_1_134' title='bbox 548 2677 687 2748; x_wconf 88' lang='lat' dir='ltr'>cellam</span> <span class='ocrx_word' id='word_1_135' title='bbox 706 2677 946 2749; x_wconf 87' lang='lat' dir='ltr'>novitiorum</span> 
     </span>
     <span class='ocr_line' id='line_1_25' title="bbox 110 2773 943 2866; baseline 0.011 -24"><span class='ocrx_word' id='word_1_136' title='bbox 110 2781 148 2843; x_wconf 92' lang='lat' dir='ltr'>et</span> <span class='ocrx_word' id='word_1_137' title='bbox 172 2773 312 2846; x_wconf 89' lang='lat' dir='ltr'>iterum</span> <span class='ocrx_word' id='word_1_138' title='bbox 339 2777 528 2866; x_wconf 90' lang='lat' dir='ltr'>probetur</span> <span class='ocrx_word' id='word_1_139' title='bbox 551 2777 592 2848; x_wconf 92' lang='lat' dir='ltr'>in</span> <span class='ocrx_word' id='word_1_140' title='bbox 615 2777 722 2848; x_wconf 91' lang='lat' dir='ltr'>omni</span> <span class='ocrx_word' id='word_1_141' title='bbox 744 2777 943 2866; x_wconf 89' lang='lat' dir='ltr'>patientia.</span> 
     </span>
     <span class='ocr_line' id='line_1_26' title="bbox 110 2873 944 2973; baseline 0.01 -29"><span class='ocrx_word' id='word_1_142' title='bbox 110 2873 160 2945; x_wconf 89' lang='lat' dir='ltr'>Et</span> <span class='ocrx_word' id='word_1_143' title='bbox 181 2882 274 2962; x_wconf 88' lang='lat' dir='ltr'>post</span> <span class='ocrx_word' id='word_1_144' title='bbox 298 2896 369 2949; x_wconf 84' lang='lat' dir='ltr'>sex</span> <span class='ocrx_word' id='word_1_145' title='bbox 395 2878 589 2952; x_wconf 91' lang='lat' dir='ltr'>mensium</span> <span class='ocrx_word' id='word_1_146' title='bbox 615 2877 819 2964; x_wconf 88' lang='lat' dir='ltr'>circuitum</span> <span class='ocrx_word' id='word_1_147' title='bbox 840 2879 944 2973; x_wconf 83' lang='lat' dir='ltr'>lega·</span> 
     </span>
    </p>
   </div>
   <div class='ocr_carea' id='block_1_5' title="bbox 0 0 1182 3564">
    <p class='ocr_par' dir='ltr' id='par_1_7' title="bbox 0 0 1182 3564">
     <span class='ocr_line' id='line_1_27' title="bbox 0 0 1182 3564; baseline 0 2"><span class='ocrx_word' id='word_1_148' title='bbox 0 0 1182 3564; x_wconf 95' lang='lat' dir='ltr'> </span> 
     </span>
    </p>
   </div>
  </div>
 </body>
</html>
