2356 3564
538 144 756 220 rdd-t

228 318 307 394 Ubi
321 342 401 392 non
417 321 595 410 dicimus,
615 328 657 392 ut
674 340 940 409 personarum,
958 317 1066 408 quod

230 423 348 512 absit,
385 422 563 512 acceptio
581 462 584 471 ·
602 421 653 492 sit
693 421 764 492 sed
798 419 1065 492 infirmitatum

230 523 510 612 considerati0;
546 522 622 594 ubi*
648 523 717 612 qui
735 523 874 594 minus
903 521 1063 611 indiget,

229 633 320 714 agat
342 619 428 696 Deo
449 624 597 713 gratias
626 631 664 696 et
690 644 770 695 non
799 621 1063 708 contristetur3

229 725 297 815 qui
319 745 414 798 vero
438 725 528 816 plus
553 723 717 812 indiget,
740 723 967 795 humilietur
989 741 1063 812 pro

228 826 461 915 infirmitate,
485 846 565 897 non
586 825 799 896 extollatur
820 845 893 913 pro
914 823 1063 895 miseri-

229 927 379 999 cordia:
404 935 442 998 et
464 926 519 998 ita
536 926 668 998 omnia
690 926 865 997 membra
889 932 999 997 erunt
1023 924 1062 994 in

228 1048 336 1118 pace.

315 1130 418 1201 Ante
435 1129 631 1200 omniane
647 1126 966 1199 murmurationis
985 1143 1062 1196 ma·

196 1248 200 1255 ·
227 1230 305 1300 lum
330 1249 403 1318 pro
428 1221 702 1318 qualicumque
723 1223 843 1298 causa
866 1227 907 1298 in
929 1225 1063 1315 aliquo
1165 1237 1166 1320 l

227 1321 503 1418 qualicumque
530 1328 652 1400 verbo
681 1328 747 1399 vel
775 1327 1062 1416 significatione

228 1437 426 1520 appareat.
463 1428 578 1514 Quod
606 1428 641 1498 si
673 1428 941 1519 deprehensus
973 1427 1062 1516 quis
1165 1437 1166 1502 ;

226 1531 353 1619 fuerit,
374 1529 604 1602 districtiori
621 1528 845 1621 disciplinae
861 1529 1061 1600 subdatur.

274 1718 394 1775 XXXV.
430 1719 483 1774 DE
502 1717 805 1775 SEPTIMANARIIS
825 1715 1019 1785 COQUINAE.

58 1862 68 1896 t
118 1854 220 1914 onan
315 1831 491 1902 anram
518 1830 595 1902 sibi
618 1829 788 1901 invicem
811 1830 995 1918 serviant,
1023 1836 1062 1901 et

124 1905 358 2003 {illinullus
393 1939 602 2003 excusetur
622 1951 664 2000 ·a
699 1931 880 2019 coquinae
918 1930 1060 2019 officio,

227 2033 305 2104 nisi
329 2043 395 2105 aut
415 2032 608 2122 aegritudo
625 2040 748 2104 -aut
771 2032 812 2104 in
833 2053 953 2104 causa
976 2053 1061 2122 gra·

226 2135 288 2205 vis
301 2133 483 2205 utilitatis
497 2133 586 2222 quis
601 2139 815 2221 occupatus
828 2131 954 2222 fuerit,
968 2133 1061 2223 quia
1164 2183 1165 2186 η

227 2233 369 2304 exinde
392 2233 518 2304 maior
536 2252 685 2303 merces
710 2239 747 2303 et
769 2231 912 2303 caritas
929 2232 1061 2322 acqui·
1164 2247 1165 2292 1

225 2335 332 2406 ritur.
370 2332 638 2405 Imbecillibus
658 2339 787 2404 autem
803 2341 1061 2421 procurentur

226 2435 383 2524 solatia,
406 2442 450 2507 ut
471 2455 552 2506 non
576 2453 663 2524 cum
684 2433 845 2505 tristitia
868 2434 944 2506 hoc
967 2433 1060 2506 faci·

227 2544 293 2607 ant
315 2575 359 2584 —
382 2537 453 2607 sed
474 2535 647 2607 habeant
676 2555 811 2606 omnes
835 2535 977 2607 solatia
1001 2556 1060 2606 se·

227 2637 396 2708 cundum
435 2637 596 2718 modum
633 2635 949 2726 congregationis
993 2644 1061 2707 aut

224 2738 463 2827 positionem
478 2739 567 2809 loci.
606 2733 648 2810 Si
663 2736 789 2808 maior
805 2738 1059 2828 congregatio

224 2837 350 2929 fuerit,
366 2838 603 2912 Cellararius
617 2845 824 2911 excusetur
840 2858 863 2908 a
877 2837 1058 2930 coquina,
