<?xml version="1.0" encoding="UTF-8"?>
<!DOCTYPE html PUBLIC "-//W3C//DTD XHTML 1.0 Transitional//EN"
    "http://www.w3.org/TR/xhtml1/DTD/xhtml1-transitional.dtd">
<html xmlns="http://www.w3.org/1999/xhtml" xml:lang="en" lang="en">
 <head>
  <title>
</title>
<meta http-equiv="Content-Type" content="text/html;charset=utf-8" />
  <meta name='ocr-system' content='tesseract 3.04.00' />
  <meta name='ocr-capabilities' content='ocr_page ocr_carea ocr_par ocr_line ocrx_word'/>
</head>
<body>
  <div class='ocr_page' id='page_1' title='image "./regluasanctipat00benegoog_0158.png"; bbox 0 0 2356 3564; ppageno 0'>
   <div class='ocr_carea' id='block_1_1' title="bbox 412 185 773 272">
    <p class='ocr_par' dir='ltr' id='par_1_1' title="bbox 412 185 773 272">
     <span class='ocr_line' id='line_1_1' title="bbox 412 185 773 272; baseline -0.006 -15"><span class='ocrx_word' id='word_1_1' title='bbox 412 185 649 272; x_wconf 46' lang='lat'><strong>2137-</strong></span> <span class='ocrx_word' id='word_1_2' title='bbox 771 211 773 218; x_wconf 86' lang='lat'><em>·</em></span> 
     </span>
    </p>
   </div>
   <div class='ocr_carea' id='block_1_2' title="bbox 104 359 945 584">
    <p class='ocr_par' dir='ltr' id='par_1_2' title="bbox 104 359 945 584">
     <span class='ocr_line' id='line_1_2' title="bbox 211 359 842 476; baseline 0.005 -19"><span class='ocrx_word' id='word_1_3' title='bbox 211 385 330 458; x_wconf 84' lang='lat' dir='ltr'><strong>Modus</strong></span> <span class='ocrx_word' id='word_1_4' title='bbox 353 359 571 460; x_wconf 86' lang='lat' dir='ltr'><strong>benedicendi</strong></span> <span class='ocrx_word' id='word_1_5' title='bbox 594 394 628 461; x_wconf 89' lang='lat' dir='ltr'><strong>et</strong></span> <span class='ocrx_word' id='word_1_6' title='bbox 649 385 842 476; x_wconf 84' lang='lat' dir='ltr'><strong>imponendi</strong></span> 
     </span>
     <span class='ocr_line' id='line_1_3' title="bbox 104 491 945 584; baseline 0.002 -30"><span class='ocrx_word' id='word_1_7' title='bbox 104 492 286 574; x_wconf 79' lang='lat' dir='ltr'>scapulare</span> <span class='ocrx_word' id='word_1_8' title='bbox 312 509 455 573; x_wconf 85' lang='lat' dir='ltr'><strong>parvum</strong></span> <span class='ocrx_word' id='word_1_9' title='bbox 478 493 611 574; x_wconf 85' lang='lat' dir='ltr'><strong>nigrum</strong></span> <span class='ocrx_word' id='word_1_10' title='bbox 635 491 742 558; x_wconf 87' lang='lat' dir='ltr'><strong>sancti</strong></span> <span class='ocrx_word' id='word_1_11' title='bbox 763 491 945 584; x_wconf 85' lang='lat' dir='ltr'><strong>Benedicti,</strong></span> 
     </span>
    </p>
   </div>
   <div class='ocr_carea' id='block_1_3' title="bbox 102 589 943 809">
    <p class='ocr_par' dir='ltr' id='par_1_3' title="bbox 102 589 943 809">
     <span class='ocr_line' id='line_1_4' title="bbox 264 589 786 676; baseline 0.006 -20"><span class='ocrx_word' id='word_1_12' title='bbox 264 592 356 674; x_wconf 91' lang='lat' dir='ltr'><strong>quod</strong></span> <span class='ocrx_word' id='word_1_13' title='bbox 378 589 490 658; x_wconf 86' lang='lat' dir='ltr'><strong>Oblati</strong></span> <span class='ocrx_word' id='word_1_14' title='bbox 514 603 647 676; x_wconf 84' lang='lat' dir='ltr'><strong>gestare</strong></span> <span class='ocrx_word' id='word_1_15' title='bbox 670 595 786 660; x_wconf 84' lang='lat' dir='ltr'><strong>solent.</strong></span> 
     </span>
     <span class='ocr_line' id='line_1_5' title="bbox 102 704 943 809; baseline 0.001 -27"><span class='ocrx_word' id='word_1_16' title='bbox 102 704 153 796; x_wconf 69' lang='lat' dir='ltr'><strong>lis.</strong></span> <span class='ocrx_word' id='word_1_17' title='bbox 177 712 427 809; x_wconf 82' lang='lat' dir='ltr'><strong>Adiutorium</strong></span> <span class='ocrx_word' id='word_1_18' title='bbox 442 722 622 787; x_wconf 91' lang='lat' dir='ltr'><strong>nostrum</strong></span> <span class='ocrx_word' id='word_1_19' title='bbox 637 715 678 786; x_wconf 93' lang='lat' dir='ltr'><strong>in</strong></span> <span class='ocrx_word' id='word_1_20' title='bbox 693 714 850 790; x_wconf 86' lang='lat' dir='ltr'><strong>nomine</strong></span> <span class='ocrx_word' id='word_1_21' title='bbox 866 712 943 784; x_wconf 94' lang='lat' dir='ltr'><strong>Do-</strong></span> 
     </span>
    </p>
   </div>
   <div class='ocr_carea' id='block_1_4' title="bbox 102 833 769 1004">
    <p class='ocr_par' dir='ltr' id='par_1_4' title="bbox 102 833 769 1004">
     <span class='ocr_line' id='line_1_6' title="bbox 102 833 769 1004; baseline 0.003 -18"><span class='ocrx_word' id='word_1_22' title='bbox 102 913 150 1004; x_wconf 64' lang='lat' dir='ltr'><strong>R,</strong></span> <span class='ocrx_word' id='word_1_23' title='bbox 176 833 367 998; x_wconf 58' lang='lat' dir='ltr'><strong>nnnnecit</strong></span> <span class='ocrx_word' id='word_1_24' title='bbox 390 916 532 988; x_wconf 88' lang='lat' dir='ltr'><strong>coelum</strong></span> <span class='ocrx_word' id='word_1_25' title='bbox 557 925 594 990; x_wconf 90' lang='lat' dir='ltr'><strong>et</strong></span> <span class='ocrx_word' id='word_1_26' title='bbox 616 871 769 988; x_wconf 84' lang='lat' dir='ltr'><strong>terram.</strong></span> 
     </span>
    </p>
   </div>
   <div class='ocr_carea' id='block_1_5' title="bbox 103 1013 1062 1108">
    <p class='ocr_par' dir='ltr' id='par_1_5' title="bbox 103 1013 1062 1108">
     <span class='ocr_line' id='line_1_7' title="bbox 103 1013 1062 1108; baseline 0.003 -13"><span class='ocrx_word' id='word_1_27' title='bbox 103 1013 152 1108; x_wconf 70' lang='lat' dir='ltr'><strong>lt.</strong></span> <span class='ocrx_word' id='word_1_28' title='bbox 176 1023 343 1096; x_wconf 89' lang='lat' dir='ltr'><strong>Domine</strong></span> <span class='ocrx_word' id='word_1_29' title='bbox 368 1026 514 1097; x_wconf 84' lang='lat' dir='ltr'><strong>exaudi</strong></span> <span class='ocrx_word' id='word_1_30' title='bbox 537 1026 754 1098; x_wconf 89' lang='lat' dir='ltr'><strong>orationem</strong></span> <span class='ocrx_word' id='word_1_31' title='bbox 776 1045 912 1096; x_wconf 87' lang='lat' dir='ltr'><strong>meam.</strong></span> <span class='ocrx_word' id='word_1_32' title='bbox 1047 1016 1062 1098; x_wconf 75' lang='grc'><strong>.’</strong></span> 
     </span>
    </p>
   </div>
   <div class='ocr_carea' id='block_1_6' title="bbox 102 1122 829 1214">
    <p class='ocr_par' dir='ltr' id='par_1_6' title="bbox 102 1122 829 1214">
     <span class='ocr_line' id='line_1_8' title="bbox 102 1122 829 1214; baseline 0.001 -19"><span class='ocrx_word' id='word_1_33' title='bbox 102 1122 151 1214; x_wconf 65' lang='lat' dir='ltr'><strong>R·</strong></span> <span class='ocrx_word' id='word_1_34' title='bbox 174 1123 223 1196; x_wconf 88' lang='lat' dir='ltr'><strong>Et</strong></span> <span class='ocrx_word' id='word_1_35' title='bbox 245 1125 392 1196; x_wconf 91' lang='lat' dir='ltr'><strong>clamor</strong></span> <span class='ocrx_word' id='word_1_36' title='bbox 415 1145 525 1198; x_wconf 92' lang='lat' dir='ltr'><strong>meus</strong></span> <span class='ocrx_word' id='word_1_37' title='bbox 552 1125 603 1196; x_wconf 90' lang='lat' dir='ltr'><strong>ad</strong></span> <span class='ocrx_word' id='word_1_38' title='bbox 624 1133 662 1198; x_wconf 89' lang='lat' dir='ltr'><strong>te</strong></span> <span class='ocrx_word' id='word_1_39' title='bbox 685 1125 829 1198; x_wconf 84' lang='lat' dir='ltr'><strong>veniat.</strong></span> 
     </span>
    </p>
   </div>
   <div class='ocr_carea' id='block_1_7' title="bbox 102 1222 608 1425">
    <p class='ocr_par' dir='ltr' id='par_1_7' title="bbox 102 1222 608 1425">
     <span class='ocr_line' id='line_1_9' title="bbox 102 1222 608 1317; baseline 0.008 -14"><span class='ocrx_word' id='word_1_40' title='bbox 102 1222 151 1317; x_wconf 67' lang='lat' dir='ltr'><strong>V.</strong></span> <span class='ocrx_word' id='word_1_41' title='bbox 175 1227 367 1305; x_wconf 85' lang='lat' dir='ltr'><strong>Dominus</strong></span> <span class='ocrx_word' id='word_1_42' title='bbox 390 1234 608 1307; x_wconf 88' lang='lat' dir='ltr'><strong>vobiscum.</strong></span> 
     </span>
     <span class='ocr_line' id='line_1_10' title="bbox 102 1333 601 1425; baseline 0.006 -21"><span class='ocrx_word' id='word_1_43' title='bbox 102 1333 150 1425; x_wconf 63' lang='lat' dir='ltr'><strong>ld.</strong></span> <span class='ocrx_word' id='word_1_44' title='bbox 174 1334 223 1406; x_wconf 88' lang='lat' dir='ltr'><strong>Et</strong></span> <span class='ocrx_word' id='word_1_45' title='bbox 246 1355 334 1407; x_wconf 89' lang='lat' dir='ltr'><strong>cum</strong></span> <span class='ocrx_word' id='word_1_46' title='bbox 357 1333 500 1424; x_wconf 88' lang='lat' dir='ltr'><strong>spiritu</strong></span> <span class='ocrx_word' id='word_1_47' title='bbox 522 1342 601 1409; x_wconf 75' lang='lat' dir='ltr'><strong>tuo,</strong></span> 
     </span>
    </p>
   </div>
   <div class='ocr_carea' id='block_1_8' title="bbox 433 1460 608 1534">
    <p class='ocr_par' dir='ltr' id='par_1_8' title="bbox 433 1460 608 1534">
     <span class='ocr_line' id='line_1_11' title="bbox 433 1460 608 1534; baseline -0.006 0"><span class='ocrx_word' id='word_1_48' title='bbox 433 1460 608 1534; x_wconf 81' lang='lat' dir='ltr'><strong>Oramus.</strong></span> 
     </span>
    </p>
   </div>
   <div class='ocr_carea' id='block_1_9' title="bbox 73 1565 943 2950">
    <p class='ocr_par' dir='ltr' id='par_1_9' title="bbox 73 1565 943 2950">
     <span class='ocr_line' id='line_1_12' title="bbox 168 1565 942 1658; baseline -0.003 -19"><span class='ocrx_word' id='word_1_49' title='bbox 168 1567 351 1640; x_wconf 71' lang='lat' dir='ltr'><strong>&#39;AEterne</strong></span> <span class='ocrx_word' id='word_1_50' title='bbox 379 1568 512 1658; x_wconf 87' lang='lat' dir='ltr'><strong>Pater,</strong></span> <span class='ocrx_word' id='word_1_51' title='bbox 546 1569 795 1657; x_wconf 88' lang='lat' dir='ltr'><strong>omnipotens</strong></span> <span class='ocrx_word' id='word_1_52' title='bbox 823 1565 942 1654; x_wconf 69' lang='lat' dir='ltr'><strong>Deus</strong></span> 
     </span>
     <span class='ocr_line' id='line_1_13' title="bbox 73 1668 942 1759; baseline -0.001 -20"><span class='ocrx_word' id='word_1_53' title='bbox 73 1751 75 1757; x_wconf 82' lang='lat'><em>.</em></span> <span class='ocrx_word' id='word_1_54' title='bbox 105 1668 173 1758; x_wconf 93' lang='lat' dir='ltr'><strong>qui</strong></span> <span class='ocrx_word' id='word_1_55' title='bbox 207 1669 452 1759; x_wconf 87' lang='lat' dir='ltr'><strong>unigenitum</strong></span> <span class='ocrx_word' id='word_1_56' title='bbox 486 1676 595 1740; x_wconf 90' lang='lat' dir='ltr'><strong>tuum</strong></span> <span class='ocrx_word' id='word_1_57' title='bbox 630 1668 841 1740; x_wconf 88' lang='lat' dir='ltr'><strong>Dominum</strong></span> <span class='ocrx_word' id='word_1_58' title='bbox 875 1686 942 1738; x_wconf 92' lang='lat' dir='ltr'><strong>no·</strong></span> 
     </span>
     <span class='ocr_line' id='line_1_14' title="bbox 105 1767 942 1858; baseline -0.001 -19"><span class='ocrx_word' id='word_1_59' title='bbox 105 1774 227 1839; x_wconf 90' lang='lat' dir='ltr'><strong>strum</strong></span> <span class='ocrx_word' id='word_1_60' title='bbox 246 1767 271 1838; x_wconf 88' lang='lat' dir='ltr'><strong>J</strong></span> <span class='ocrx_word' id='word_1_61' title='bbox 274 1788 382 1840; x_wconf 90' lang='lat' dir='ltr'><strong>esum</strong></span> <span class='ocrx_word' id='word_1_62' title='bbox 400 1769 608 1858; x_wconf 86' lang='lat' dir='ltr'><strong>Christum,</strong></span> <span class='ocrx_word' id='word_1_63' title='bbox 632 1776 778 1839; x_wconf 87' lang='lat' dir='ltr'><strong>nostrae</strong></span> <span class='ocrx_word' id='word_1_64' title='bbox 800 1775 942 1838; x_wconf 91' lang='lat' dir='ltr'><strong>morta·</strong></span> 
     </span>
     <span class='ocr_line' id='line_1_15' title="bbox 103 1867 943 1958; baseline 0 -21"><span class='ocrx_word' id='word_1_65' title='bbox 103 1867 225 1939; x_wconf 90' lang='lat' dir='ltr'><strong>litatis</strong></span> <span class='ocrx_word' id='word_1_66' title='bbox 256 1868 436 1958; x_wconf 85' lang='lat' dir='ltr'><strong>fragilem</strong></span> <span class='ocrx_word' id='word_1_67' title='bbox 462 1875 613 1941; x_wconf 87' lang='lat' dir='ltr'><strong>vestem</strong></span> <span class='ocrx_word' id='word_1_68' title='bbox 645 1867 807 1940; x_wconf 90' lang='lat' dir='ltr'><strong>induere</strong></span> <span class='ocrx_word' id='word_1_69' title='bbox 833 1868 943 1940; x_wconf 88' lang='lat' dir='ltr'><strong>volu-</strong></span> 
     </span>
     <span class='ocr_line' id='line_1_16' title="bbox 104 1968 941 2058; baseline 0 -19"><span class='ocrx_word' id='word_1_70' title='bbox 104 1969 185 2057; x_wconf 90' lang='lat' dir='ltr'><strong>isti;</strong></span> <span class='ocrx_word' id='word_1_71' title='bbox 214 1970 467 2042; x_wconf 82' lang='lat' dir='ltr'><strong>obsecramus</strong></span> <span class='ocrx_word' id='word_1_72' title='bbox 495 1970 725 2041; x_wconf 89' lang='lat' dir='ltr'><strong>immensam</strong></span> <span class='ocrx_word' id='word_1_73' title='bbox 747 1968 941 2058; x_wconf 85' lang='lat' dir='ltr'><strong>largitatis</strong></span> 
     </span>
     <span class='ocr_line' id='line_1_17' title="bbox 103 2069 942 2159; baseline -0.001 -17"><span class='ocrx_word' id='word_1_74' title='bbox 103 2077 182 2142; x_wconf 89' lang='lat' dir='ltr'><strong>tuae</strong></span> <span class='ocrx_word' id='word_1_75' title='bbox 207 2070 514 2159; x_wconf 82' lang='lat' dir='ltr'><strong>abundantiam,</strong></span> <span class='ocrx_word' id='word_1_76' title='bbox 549 2078 592 2141; x_wconf 89' lang='lat' dir='ltr'><strong>ut</strong></span> <span class='ocrx_word' id='word_1_77' title='bbox 626 2069 942 2142; x_wconf 83' lang='lat' dir='ltr'><strong>benedictionem</strong></span> 
     </span>
     <span class='ocr_line' id='line_1_18' title="bbox 103 2171 941 2244; baseline -0.001 -1"><span class='ocrx_word' id='word_1_78' title='bbox 103 2178 209 2243; x_wconf 88' lang='lat' dir='ltr'><strong>tuam</strong></span> <span class='ocrx_word' id='word_1_79' title='bbox 236 2171 277 2243; x_wconf 90' lang='lat' dir='ltr'><strong>in</strong></span> <span class='ocrx_word' id='word_1_80' title='bbox 304 2172 408 2244; x_wconf 92' lang='lat' dir='ltr'><strong>hunc</strong></span> <span class='ocrx_word' id='word_1_81' title='bbox 436 2192 591 2243; x_wconf 87' lang='lat' dir='ltr'><strong>sacrum</strong></span> <span class='ocrx_word' id='word_1_82' title='bbox 619 2171 797 2243; x_wconf 87' lang='lat' dir='ltr'><strong>habitum</strong></span> <span class='ocrx_word' id='word_1_83' title='bbox 823 2171 941 2242; x_wconf 86' lang='lat' dir='ltr'><strong>effun-</strong></span> 
     </span>
     <span class='ocr_line' id='line_1_19' title="bbox 104 2268 940 2361; baseline 0.004 -20"><span class='ocrx_word' id='word_1_84' title='bbox 104 2268 194 2345; x_wconf 82' lang='lat' dir='ltr'><strong>dere</strong></span> <span class='ocrx_word' id='word_1_85' title='bbox 223 2271 414 2361; x_wconf 87' lang='lat' dir='ltr'><strong>digneris:</strong></span> <span class='ocrx_word' id='word_1_86' title='bbox 446 2278 488 2342; x_wconf 88' lang='lat' dir='ltr'><strong>ut</strong></span> <span class='ocrx_word' id='word_1_87' title='bbox 517 2271 618 2343; x_wconf 89' lang='lat' dir='ltr'><strong>sicut</strong></span> <span class='ocrx_word' id='word_1_88' title='bbox 647 2271 779 2361; x_wconf 92' lang='lat' dir='ltr'><strong>ipsum</strong></span> <span class='ocrx_word' id='word_1_89' title='bbox 800 2270 940 2344; x_wconf 88' lang='lat' dir='ltr'><strong>fratres</strong></span> 
     </span>
     <span class='ocr_line' id='line_1_20' title="bbox 102 2371 940 2447; baseline -0.004 -3"><span class='ocrx_word' id='word_1_90' title='bbox 102 2374 227 2447; x_wconf 86' lang='lat' dir='ltr'><strong>nostri</strong></span> <span class='ocrx_word' id='word_1_91' title='bbox 251 2373 302 2445; x_wconf 92' lang='lat' dir='ltr'><strong>ad</strong></span> <span class='ocrx_word' id='word_1_92' title='bbox 325 2373 561 2444; x_wconf 87' lang='lat' dir='ltr'><strong>innocentiae</strong></span> <span class='ocrx_word' id='word_1_93' title='bbox 585 2379 624 2443; x_wconf 89' lang='lat' dir='ltr'><strong>et</strong></span> <span class='ocrx_word' id='word_1_94' title='bbox 636 2371 870 2443; x_wconf 91' lang='lat' dir='ltr'><strong>humilitatis</strong></span> <span class='ocrx_word' id='word_1_95' title='bbox 886 2372 940 2442; x_wconf 93' lang='lat' dir='ltr'><strong>in-</strong></span> 
     </span>
     <span class='ocr_line' id='line_1_21' title="bbox 104 2471 940 2546; baseline -0.002 -2"><span class='ocrx_word' id='word_1_96' title='bbox 104 2474 248 2544; x_wconf 91' lang='lat' dir='ltr'><strong>dicium</strong></span> <span class='ocrx_word' id='word_1_97' title='bbox 271 2495 294 2544; x_wconf 92' lang='lat' dir='ltr'><strong>a</strong></span> <span class='ocrx_word' id='word_1_98' title='bbox 314 2471 670 2546; x_wconf 87' lang='lat' dir='ltr'><strong>renuntiationibus</strong></span> <span class='ocrx_word' id='word_1_99' title='bbox 692 2471 828 2542; x_wconf 88' lang='lat' dir='ltr'><strong>saeculi</strong></span> <span class='ocrx_word' id='word_1_100' title='bbox 853 2492 940 2543; x_wconf 91' lang='lat' dir='ltr'><strong>san·</strong></span> 
     </span>
     <span class='ocr_line' id='line_1_22' title="bbox 102 2565 938 2665; baseline -0.002 -20"><span class='ocrx_word' id='word_1_101' title='bbox 102 2565 241 2646; x_wconf 86' lang='lat' dir='ltr'><strong>xerunt</strong></span> <span class='ocrx_word' id='word_1_102' title='bbox 253 2574 496 2665; x_wconf 86' lang='lat' dir='ltr'><strong>gestandum,</strong></span> <span class='ocrx_word' id='word_1_103' title='bbox 514 2572 571 2645; x_wconf 84' lang='lat' dir='ltr'><strong>ita</strong></span> <span class='ocrx_word' id='word_1_104' title='bbox 585 2572 859 2645; x_wconf 89' lang='lat' dir='ltr'><strong>benedictione</strong></span> <span class='ocrx_word' id='word_1_105' title='bbox 872 2580 938 2644; x_wconf 87' lang='lat' dir='ltr'><strong>tua</strong></span> 
     </span>
     <span class='ocr_line' id='line_1_23' title="bbox 103 2673 940 2767; baseline 0 -23"><span class='ocrx_word' id='word_1_106' title='bbox 103 2675 177 2764; x_wconf 89' lang='lat' dir='ltr'><strong>fiat,</strong></span> <span class='ocrx_word' id='word_1_107' title='bbox 198 2683 240 2748; x_wconf 89' lang='lat' dir='ltr'><strong>ut</strong></span> <span class='ocrx_word' id='word_1_108' title='bbox 257 2677 479 2767; x_wconf 87' lang='lat' dir='ltr'><strong>quicunque</strong></span> <span class='ocrx_word' id='word_1_109' title='bbox 496 2693 543 2747; x_wconf 89' lang='lat' dir='ltr'><strong>eo</strong></span> <span class='ocrx_word' id='word_1_110' title='bbox 561 2674 702 2746; x_wconf 89' lang='lat' dir='ltr'><strong>devote</strong></span> <span class='ocrx_word' id='word_1_111' title='bbox 719 2681 758 2744; x_wconf 89' lang='lat' dir='ltr'><strong>et</strong></span> <span class='ocrx_word' id='word_1_112' title='bbox 772 2673 940 2744; x_wconf 90' lang='lat' dir='ltr'><strong>fideliter</strong></span> 
     </span>
     <span class='ocr_line' id='line_1_24' title="bbox 103 2776 939 2865; baseline 0 -19"><span class='ocrx_word' id='word_1_113' title='bbox 103 2797 196 2848; x_wconf 89' lang='lat' dir='ltr'><strong>usus</strong></span> <span class='ocrx_word' id='word_1_114' title='bbox 219 2777 336 2850; x_wconf 88' lang='lat' dir='ltr'><strong>fuerit</strong></span> <span class='ocrx_word' id='word_1_115' title='bbox 359 2777 608 2851; x_wconf 87' lang='lat' dir='ltr'><strong>ob-Nominis</strong></span> <span class='ocrx_word' id='word_1_116' title='bbox 631 2776 690 2847; x_wconf 90' lang='lat' dir='ltr'><strong>tui</strong></span> <span class='ocrx_word' id='word_1_117' title='bbox 711 2776 878 2865; x_wconf 82' lang='lat' dir='ltr'><strong>gloriam</strong></span> <span class='ocrx_word' id='word_1_118' title='bbox 901 2784 939 2847; x_wconf 93' lang='lat' dir='ltr'><strong>et</strong></span> 
     </span>
     <span class='ocr_line' id='line_1_25' title="bbox 105 2877 939 2950; baseline -0.001 -2"><span class='ocrx_word' id='word_1_119' title='bbox 105 2877 228 2948; x_wconf 90' lang='lat' dir='ltr'><strong>sancti</strong></span> <span class='ocrx_word' id='word_1_120' title='bbox 251 2880 355 2950; x_wconf 91' lang='lat' dir='ltr'><strong>servi</strong></span> <span class='ocrx_word' id='word_1_121' title='bbox 374 2879 432 2950; x_wconf 90' lang='lat' dir='ltr'><strong>tui</strong></span> <span class='ocrx_word' id='word_1_122' title='bbox 448 2877 653 2950; x_wconf 87' lang='lat' dir='ltr'><strong>Benedicti</strong></span> <span class='ocrx_word' id='word_1_123' title='bbox 667 2877 797 2950; x_wconf 89' lang='lat' dir='ltr'><strong>Patris</strong></span> <span class='ocrx_word' id='word_1_124' title='bbox 811 2877 939 2949; x_wconf 91' lang='lat' dir='ltr'><strong>nostri</strong></span> 
     </span>
    </p>
   </div>
   <div class='ocr_carea' id='block_1_10' title="bbox 0 0 1182 3564">
    <p class='ocr_par' dir='ltr' id='par_1_10' title="bbox 0 0 1182 3564">
     <span class='ocr_line' id='line_1_26' title="bbox 0 0 1182 3564; baseline 0 0"><span class='ocrx_word' id='word_1_125' title='bbox 0 0 1182 3564; x_wconf 95' lang='lat' dir='ltr'><strong> </strong></span> 
     </span>
    </p>
   </div>
  </div>
 </body>
</html>
