2356 3564
428 176 649 254 ..97-

124 357 280 446 scribat,
304 365 343 434 et
365 358 432 430 ille
453 358 628 430 novitius
648 359 804 448 signum
826 356 958 446 faciat)

124 468 163 532 et
176 479 293 534 manu
306 479 378 531 sua
391 479 478 530 eam
495 478 615 549 super
630 460 752 531 altare
768 466 900 549 ponat
914 497 957 507 —

125 561 251 646 Quam
271 561 363 632 dum
384 558 571 649 posuerit,
595 557 760 649 incipiat
781 559 868 650 ipse
892 579 959 631 no·

125 663 247 736 vitius
262 681 356 732 mox
370 660 474 732 hunc
490 677 662 732 versum:
687 659 873 752 „Suscipe
887 679 960 748 me,

125 760 304 849 Domine,
327 758 542 832 seeundum
559 758 761 848 eloquium
782 768 901 848 tuum,
923 767 962 832 et

127 862 279 950 vivam3
303 869 341 933 et
355 879 404 932 ne
421 859 641 933 confundas
657 880 719 932 me
736 862 787 932 ab
802 879 962 950 exspec-

129 960 277 1032 tatione
310 961 448 1032 mea.“¹
499 960 623 1050 Quem
646 979 806 1034 versum
835 960 963 1033 omnis

130 1061 383 1151 congregatio
411 1061 528 1133 tertio
557 1062 798 1150 respondeat
830 1060 964 1134 adiun-

130 1169 266 1252 gentes
288 1161 449 1251 „Gloria
470 1160 611 1234 Patri.“

218 1274 329 1348 Tunc
351 1273 418 1346 ille
448 1273 568 1347 irater
593 1273 769 1348 novitius
796 1280 967 1366 proster-

131 1383 247 1448 natur
258 1375 502 1465 singulorum
514 1375 696 1466 pedibus,
711 1383 754 1448 ut
769 1382 880 1448 orent
890 1395 967 1466 pro

134 1498 196 1566 eo;
220 1485 259 1550 et
280 1477 360 1550 iam
375 1497 426 1549 ex
442 1477 512 1549 illa
526 1476 590 1548 die
607 1476 648 1548 in
664 1477 982 1568 congregatione*

133 1584 344 1668 reputetur.
370 1615 414 1627 --
441 1575 520 1648 Res
548 1576 584 1648 si
612 1596 710 1668 quas
738 1577 873 1668 habet,
903 1567 996 1649 aut*

134 1686 270 1769 eroget
288 1678 399 1769 prius
426 1677 668 1770 pauperibus
692 1685 759 1751 aut
780 1677 885 1751 iacta
907 1698 969 1749 so·
1041 1718 1046 1726 ·

133 1780 313 1853 lemniter
323 1778 536 1851 donatione
547 1777 721 1852 conferat
729 1780 969 1854 monasterio

135 1881 237 1952 nihil
247 1879 325 1951 sibi
333 1899 541 1952 reservans
554 1899 604 1951 ex
618 1880 810 1971 omnibus,
824 1881 970 1971 quippe

138 1979 207 2071 qui
236 1999 287 2051 ex
316 1979 386 2051 illo
415 1978 479 2050 die
506 1998 579 2052 nec
607 1981 762 2071 proprii
793 1982 971 2074 corporis

137 2084 375 2171 potestatem
396 2097 439 2152 se
461 2078 687 2152 habiturum
710 2079 794 2153 seit.

226 2193 322 2265 Mox
344 2211 437 2283 ergo
461 2193 504 2264 in
524 2191 705 2268 Oratorio
729 2201 895 2272 exuatur
915 2215 974 2272 re·

139 2295 215 2367 bus
237 2291 411 2386 propriis
427 2292 571 2384 quibus
587 2294 755 2367 vestitus
772 2302 841 2384 est,
865 2303 903 2368 et
918 2296 975 2367 in-

141 2397 284 2469 duatur
305 2397 423 2482 rebus
445 2395 683 2470 monasterii.
700 2435 744 2446 -
758 2396 831 2467 Illa
847 2403 976 2469 autem

12 2533 13 2540 ι
141 2497 376 2573 vestimenta
388 2496 532 2588 quibus
545 2505 685 2570 exutus
703 2505 773 2587 est,
784 2517 977 2590 reponan-

142 2607 206 2672 tur
228 2601 269 2672 in
284 2599 474 2672 vestiario
496 2599 779 2690 conservanda,
801 2607 844 2671 ut
859 2598 895 2672 si
909 2598 977 2672 ali·

144 2702 304 2791 quando
332 2699 514 2773 suadenti
540 2699 700 2773 diabolo
725 2697 978 2788 consenserit,

225 2899 232 2932 ¹
248 2898 291 2950 Pu
303 2898 355 2962 118,
365 2899 419 2952 116.

198 2984 254 3040 1203.
267 2985 292 3033 8.
305 2986 386 3034 Boued.
669 3011 671 3018 ν
840 2995 858 3062 7
