2356 3564
384 244 452 294 ,-
498 203 562 278 117
604 243 649 255 -

110 387 253 470 meant,
282 381 479 453 Abbatem
502 400 615 452 suum
638 377 792 449 sincera
814 385 852 448 et
873 377 943 449 hu-

110 481 193 553 mili
209 482 369 556 caritate
389 480 584 571 diligant,¹
608 478 766 551 Christo
784 477 942 548 omnino

109 582 208 653 nihil
234 590 482 671 praeponant,
514 581 582 670 qui
611 600 685 652 nos
716 578 864 669 pariter
892 578 944 649 ad

109 685 230 756 vitam
253 690 439 755 aeternam
461 682 661 771 perducat.

108 893 241 948 LXXIII.
277 893 330 948 DE
353 891 430 948 Hoo
454 892 561 962 QUOD
583 891 663 950 NON
686 889 802 947 OMNIS
824 890 941 948 IUSTI-

142 978 221 1032 TIAE
241 977 487 1035 OBSERVATIO
506 977 547 1034 IN
565 975 645 1031 HAG
664 974 725 1032 SIT
744 975 907 1031 REGULA

395 1056 653 1114 CONSTITUTA.

192 1192 380 1264 Rnoonnm
394 1199 523 1264 autem
533 1192 635 1264 hanc
647 1190 976 1300 descr1ps1mus‚1
991 1219 1041 1249 ma·
1066 1188 1081 1214 “‘

104 1301 147 1366 ut
179 1294 282 1365 hane
316 1294 573 1366 observantes
611 1293 653 1364 in
689 1293 938 1364 monasteriis
954 1315 986 1354 ³1
952 1264 1043 1354 ³¹55

106 1395 352 1484 aliquatenus
368 1395 433 1466 vel
448 1394 630 1467 honestat
615 1402 693 1466 tem
708 1414 859 1465 morum
873 1401 939 1465 aut

104 1497 257 1569 initium
280 1495 593 1568 conversationis
611 1515 685 1567 nos
701 1495 938 1566 demonstre-

103 1615 189 1667 mus
212 1597 368 1669 habere.

192 1705 374 1779 Csrnnon
401 1706 453 1777 ad
474 1704 755 1795 perfectionem
779 1721 938 1776 conver·

104 1805 270 1877 sationis
305 1806 373 1896 qui
406 1805 595 1894 festinats
624 1813 715 1876 sunt
749 1804 938 1876 doctrinae

104 1914 327 1978 sanctorum
342 1906 502 1978 Pati-um
525 1926 688 1995 quarum
712 1905 936 1978 observatio

102 2006 294 2097 perducat
335 2005 533 2078 hominem
578 2005 630 2076 ad
667 2004 938 2077 celsitudinem

102 2107 367 2197 perfectionis.
418 2105 514 2190 Quae
553 2106 656 2177 enim
692 2104 839 2194 pagina
872 2115 938 2178 aut

103 2207 193 2298 quis
222 2227 352 2279 sermo
382 2206 529 2279 divinae
557 2205 801 2279 auctoritatis
824 2205 937 2280 Vete-

102 2310 158 2381 ris
180 2328 226 2380 ac
239 2307 346 2380 Novi
364 2307 606 2379 Testamenti
624 2329 704 2378 non
725 2317 785 2379 est
804 2308 937 2381 rectis-

104 2409 206 2480 sima
227 2427 365 2480 norma
386 2407 480 2479 vitae
502 2408 708 2479 humanae?
744 2406 825 2479 Aut
848 2409 937 2498 quis

65 2583 73 2596 x
101 2509 203 2581 liber
226 2516 451 2581 sanctorum
473 2508 754 2581 catholicorum
777 2507 937 2580 Patrum

101 2609 179 2682 hoc
204 2630 285 2682 non
307 2618 482 2698 resonat,
510 2616 554 2681 ut
575 2616 682 2681 recto
707 2629 823 2680 cursu
850 2629 936 2699 per·

100 2712 305 2784 veniamus
325 2710 377 2783 ad
393 2709 617 2783 Creatorem
636 2713 832 2782 nostrum?
853 2711 936 2783 Nec

183 2921 188 2950 ¹
206 2922 227 2969 1.
237 2920 305 2971 Petr.
315 2921 339 2983 2,
350 2921 387 2970 17.
