2366 3556
501 153 724 230 „104

189 355 195 373 ¹
248 330 419 406 XXXII.
443 334 502 406 De
536 333 780 450 ferrapJentis
812 335 877 404 vel
907 333 1025 404 rebus

185 487 189 512 .
444 443 682 510 monasteru.

171 543 185 581 v'
225 537 415 610 XXXIII.
439 538 481 611 Si
512 537 608 628 quid
640 535 808 608 debeant
831 533 1025 629 ⁶monachi

1162 687 1163 731 I

444 638 648 729 proprium
670 636 825 708 habere.
888 647 890 652 ·

231 735 420 810 XXXIV.
445 739 488 812 Si
515 759 650 811 omnes
679 737 884 828 aequaliter
911 736 1025 809 debe·
1162 735 1163 772 ³

444 849 511 913 ant
532 839 757 912 necessaria
779 839 967 928 accipere.

249 938 419 1010 XXXV.
442 940 501 1012 De
524 939 814 1030 septimanan'iS
833 939 1024 1028 coquinae.

154 1042 175 1098 v*
231 1039 420 1111 XXXVI.
443 1040 501 1112 De
525 1037 688 1113 Infirmis
711 1041 907 1113 fratribus
1162 1109 1163 1120 .

214 1140 422 1214 XXXVII.
445 1142 504 1213 De
528 1143 689 1213 senibus
710 1143 775 1214 vel
798 1140 1023 1213 infantibus.

191 1241 418 1313 XXXVIII.
442 1241 500 1312 De
521 1240 830 1314 hebdomadario
845 1241 1001 1311 lectore.

148 1397 158 1432 .
225 1341 419 1414 XXXIX.
444 1342 501 1414 De
525 1363 707 1414 mensura
730 1341 817 1414 cibi.
1162 1341 1163 1434 I

333 1443 415 1514 XL.
438 1442 497 1514 De
520 1460 703 1514 mensura
725 1451 853 1533 potus.

181 1575 184 1581 2
317 1543 419 1614 XLI.
443 1542 593 1628 Quibus
622 1542 732 1615 horis
761 1550 916 1633 oportet
938 1543 1023 1614 refi-
1162 1554 1163 1624 ῑ

443 1663 529 1715 cere
553 1642 702 1716 fratres

299 1743 419 1815 XLII.
443 1743 495 1815 Ut
517 1752 609 1833 post
628 1743 937 1835 Completorium
959 1765 1023 1815 ne·

441 1864 505 1916 mo
529 1845 722 1935 loquatur.
1162 1865 1163 1948 I

278 1946 417 2017 XLIII.
440 1945 499 2018 De
516 1947 580 2017 his
594 1946 662 2037 qui
679 1946 731 2018 ad
747 1945 855 2037 Opus
869 1945 944 2016 Dei
959 1946 1025 2017 vel
1162 1969 1163 2040 ζ

444 2049 796 2121 admensamtarde
806 2055 1023 2120 occurrunt.
1162 2057 1163 2130 ᾗ

283 2149 421 2220 XLIV.
444 2149 503 2221 De
518 2150 582 2220 his
600 2150 668 2239 qui
689 2150 1023 2222 excommunican-

444 2258 508 2321 tur
529 2251 729 2340 quomodo
754 2248 1008 2322 satisfaciant.
1162 2241 1163 2330 f

300 2346 418 2418 XLV.
443 2348 501 2419 De
514 2348 577 2419 his
595 2351 662 2438 qui
681 2350 867 2420 falluntur
883 2351 923 2422 in
939 2368 1022 2420 ora·
1162 2373 1163 2380 ¹

441 2449 554 2521 torio.

277 2546 415 2619 XLVI.
440 2548 499 2620 De
521 2548 585 2620 his
610 2550 677 2639 qui
701 2549 741 2619 in
758 2550 847 2620 aliis
864 2550 1022 2639 quibus·

442 2649 538 2720 libet
555 2649 673 2720 rebus
698 2648 937 2739 delinquunt.
1162 2707 1163 2714 .

261 2747 418 2820 XLVII.
442 2748 500 2820 De
521 2749 779 2840 significanda
802 2751 901 2822 hora
923 2751 1021 2842 Ope·

442 2850 497 2925 ris
521 2849 605 2928 Dei.
