2366 3556
569 213 796 292 ,nm-

209 363 213 374 γ
262 397 458 486 Doctoris,
483 416 601 488 quam
622 395 840 468 benevolus
864 392 1017 464 animus
1032 408 1095 462 ve·
1139 393 1140 398 ’

263 533 342 596 ster
366 545 517 596 summo
542 545 698 614 semper
721 529 928 613 optaverat
945 519 1095 592 deside·
1139 505 1140 516 ²

261 652 338 740 ri0‚
373 650 606 740 direximus,
638 650 821 722 sensibus
856 657 894 720 et
932 647 1096 737 syllabis
1139 637 1140 730 J

261 796 415 848 necnon
439 777 557 878 etiam
579 777 720 848 litteris
737 799 761 848 a
779 775 1009 866 supradicto
1024 772 1096 842 Pa·
1139 853 1140 856 Ἴ

262 913 337 995 tre,
360 906 403 975 ni
425 905 612 996 fallimur,
638 905 830 977 ordinatis
853 905 1014 976 minime
1038 923 1098 974 ca·

262 1017 427 1121 rentem,
464 1053 553 1124 quae
585 1032 634 1104 de
666 1033 736 1105 illo
767 1031 1005 1122 transcripta
1041 1038 1100 1100 est
1139 1019 1140 1022 ‘

169 1249 172 1256 r
265 1159 498 1248 exemplare,
523 1159 631 1251 quod
654 1181 704 1231 ex
727 1160 816 1250 ipso
838 1157 1099 1247 exemplatum
1139 1225 1140 1258 3

266 1294 326 1357 est
354 1289 507 1376 codice,
538 1306 654 1378 quem
675 1287 815 1358 beatus
837 1284 954 1357 Pater
975 1282 1099 1354 sacris
1139 1273 1140 1288 ²

263 1414 445 1486 manibus
482 1413 565 1486 suis
605 1389 781 1487 exarare
807 1413 857 1484 ob
890 1411 1100 1482 multorum
1139 1445 1140 1474 1

266 1541 473 1613 sanitatem
489 1541 707 1612 animarum
723 1539 885 1613 curavit.
916 1539 990 1610 Illa
1006 1557 1099 1627 ergo
1139 1543 1140 1614 j

264 1667 401 1757 verba,
431 1689 520 1760 quae
548 1666 799 1758 supradictus
821 1666 938 1737 Pater
967 1685 1100 1736 secun·
1139 1703 1140 1720 2

266 1796 358 1866 dum
388 1802 510 1866 artem
539 1795 655 1882 (sicut
681 1793 862 1865 nonnulli
889 1791 1102 1877 autumant)

264 1921 305 1990 in
328 1928 553 1994 contextum
573 1921 736 2011 Regulae
757 1921 874 1992 huius
897 1939 977 1990 non
1000 1919 1102 1989 inse·
1139 1943 1140 2014 j

264 2049 352 2138 ruit,
377 2048 425 2121 de
450 2048 539 2120 aliis
561 2047 725 2138 Regulis
749 2069 774 2118 a
793 2045 995 2118 modernis
1019 2065 1101 2117 cor·
1139 2043 1140 2120 ζ

265 2175 384 2246 rectis
400 2175 602 2264 Magistris
619 2175 862 2262 colleximus,
887 2181 925 2246 et
943 2173 985 2244 in
1001 2194 1102 2245 cam·
1139 2195 1140 2200 ¹

264 2320 317 2390 po
347 2301 549 2390 paginulae
584 2322 605 2372 e
635 2301 797 2392 regione
825 2321 913 2373 cum
946 2298 1102 2370 duobus
1139 2295 1140 2298 ’

264 2425 422 2516 punctis
435 2401 607 2498 inserere
621 2429 854 2499 curavimus.
878 2425 971 2498 Alia
984 2425 1103 2510 etiam
1139 2471 1140 2504 r

266 2573 356 2644 quae
386 2572 409 2623 a
435 2552 651 2624 Benedicto
680 2552 829 2625 dictata
858 2557 966 2640 sunt,
996 2557 1034 2622 et
1062 2551 1104 2619 in

265 2680 477 2752 neotericis
505 2679 666 2751 minime
700 2680 880 2770 inventa,
913 2679 1029 2750 obelo
1067 2683 1105 2746 et

266 2808 423 2898 punctis
453 2807 608 2879 duobus
640 2806 970 2896 consignavimus,
1015 2805 1105 2876 Hoc
1139 2787 1140 2880 Ῑ

268 2934 419 3025 egimus
444 2933 714 3006 desiderantes
737 2953 812 3005 vos
835 2941 1042 3023 utrumque
1067 2939 1106 3002 et
