2356 3564
355 167 701 262 '-109-

244 365 359 454 Quod
388 388 505 458 quam
533 366 585 438 sit
615 365 844 456 absurdum,
875 363 991 438 facile

157 469 384 558 advertitur,
408 468 502 559 quia
526 468 576 538 ab
597 466 688 556 ipso
706 467 820 540 initio
837 466 991 538 ordina-

155 571 276 644 tionis
311 569 476 640 materia
508 567 547 639 ei
578 567 693 642 datur
727 567 992 657 superbiendi,

156 671 250 743 dum
266 670 303 743 ei
317 668 539 760 suggeritur
550 689 574 738 a
585 669 892 758 cogitationibus
909 668 992 740 suis

157 780 316 844 exutum
340 791 429 844 eum
452 787 539 841 esse
563 789 587 840 a
606 777 801 858 potestate
821 769 992 842 Abbatis

157 873 233 944 sui:
266 872 360 963 quia
390 872 439 943 ab
468 870 568 960 ipsis
593 891 635 942 es
660 878 698 943 et
720 878 763 943 tu
787 872 992 944 ordinatus

158 995 181 1045 a
206 974 348 1064 quibus
373 979 411 1044 et
432 972 583 1044 Abbas.
627 971 731 1042 Hinc
756 972 994 1043 suscitantur

157 1073 331 1161 invidiae,
347 1074 456 1162 rixae,
481 1072 755 1163 detractiones,
779 1073 993 1144 aemulatio·

156 1195 242 1264 nes,
272 1173 558 1262 dissensiones,
583 1174 920 1262 exordinationes,
951 1181 994 1244 ut

158 1277 251 1348 dum
273 1275 470 1349 contraria
487 1275 564 1346 sibi
579 1275 717 1347 Abbas
734 1275 992 1366 Praepositus·

158 1398 233 1468 que
261 1377 448 1466 sentiunt,
479 1383 518 1447 et
539 1377 718 1466 ipsorum
740 1396 902 1449 necesse
934 1385 993 1448 est

157 1482 231 1552 sub
246 1480 322 1551 hae
336 1477 585 1550 dissensione
602 1478 753 1550 animas
766 1478 991 1568 periclitari,

158 1587 196 1651 et
218 1580 261 1650 hi
284 1579 353 1669 qui
375 1578 449 1650 sub
473 1578 572 1670 ipsis
593 1585 694 1669 sunt,
718 1577 812 1650 dum
833 1577 992 1652 adulan-

156 1687 220 1752 tur
229 1681 420 1771 partibus,
433 1679 857 1771 euntinperditionem.
870 1680 992 1753 Cuius

156 1781 323 1870 periculi
345 1782 493 1854 malum
513 1781 604 1854 illos
627 1783 790 1873 respicit
805 1782 847 1853 in
863 1782 992 1872 capite

159 1882 227 1971 qui
261 1882 353 1952 talis
394 1881 698 1955 inordinationis
738 1902 780 1954 se
818 1883 993 1955 feeenmt

159 1984 350 2049 auctores

244 2073 339 2146 Ideo
367 2094 441 2147 nos
467 2073 640 2147 vidimus
665 2074 852 2164 expedire
873 2095 992 2166 prop·

156 2181 217 2247 ter
248 2173 361 2264 pacis
393 2174 646 2265 caritatisque
679 2176 914 2267 custodiam,
952 2178 993 2248 in

156 2274 327 2347 Abbatis
341 2273 513 2365 pendere
526 2275 689 2349 arbitrio
705 2277 993 2350 ordinationem

157 2377 385 2450 monasterii
409 2375 481 2447 sui.
521 2376 572 2447 Et
595 2376 629 2448 si
651 2383 783 2467 potest
804 2377 899 2466 fieri,
921 2398 994 2468 per

156 2477 339 2550 Decanos
369 2475 586 2565 ordinetur,
616 2481 659 2548 ut
683 2485 772 2550 ante
796 2478 993 2568 disposui·

157 2577 275 2668 mus‚¹
299 2578 426 2650 omnis
447 2577 597 2650 utilitas
613 2577 853 2667 monasterii,
876 2586 994 2669 prout

156 2677 295 2750 Abbas
329 2679 587 2769 disposuerit,
621 2685 665 2750 ut
695 2678 788 2752 dum
812 2680 992 2769 pluribus
1091 2688 1093 2692 ’

159 2774 421 2866 committitur,
444 2797 545 2848 unus
568 2797 648 2849 non
671 2776 883 2866 superbiat.

239 2913 246 2944 ¹
262 2912 326 2980 Gap.
337 2914 412 2966 XXI.
