2356 3564
386 232 429 242 -
475 141 537 264 131
581 233 635 242 -ψ

96 370 373 441 monachorum
395 365 567 440 maximo
592 369 665 440 sub
685 375 753 440 tuo
776 369 925 442 vexillo

96 470 224 558 posito
247 470 418 560 gaudere
436 478 628 560 perpetuo
648 470 816 559 possim:
836 469 925 558 ipso

95 571 176 643 Deo
207 591 252 642 ac
279 567 449 643 Domino
478 579 614 643 nostro
643 571 739 642 Jesu
768 570 926 642 Christo

95 677 319 761 praestante:
354 671 422 762 qui
454 693 542 743 cum
566 672 681 743 Patre
711 678 749 744 et
777 669 927 759 Spiritu

36 841 38 846 .
95 773 235 844 Sancto
251 773 353 846 vivit
373 781 411 845 et
426 782 563 862 regnat
582 773 624 844 in
644 773 791 845 saecula
805 793 926 843 saecu·

36 917 37 920 =
94 873 227 945 lorum.
267 875 403 946 Amen.

180 973 423 1064 Quaesumus
454 973 702 1064 omnipotens
732 973 855 1062 DeuS,
884 983 926 1044 ut

93 1075 311 1147 beatissimi
325 1075 455 1146 Patris
471 1075 596 1146 nostri
612 1073 826 1161 Benedicti,
848 1073 926 1144 dis·

94 1176 388 1266 cipulorumque
423 1177 508 1248 eius
541 1176 694 1247 Placidi
729 1184 767 1248 et
799 1175 926 1246 Mauri

93 1278 336 1368 virginisque
377 1300 422 1350 ac
460 1278 609 1350 sororis
646 1277 731 1355 eius
766 1275 925 1348 Schola-

93 1379 217 1469 sticae,
252 1387 553 1470 sanctorumque
589 1379 761 1452 omnium
792 1377 924 1450 Mona-

92 1481 253 1552 chorum
281 1481 350 1570 qui
376 1482 450 1554 sub
479 1481 564 1552 eius
588 1479 713 1568 signis
737 1484 853 1569 atque
877 1499 924 1550 eo

93 1580 190 1652 duce
219 1582 292 1654 tibi
319 1582 586 1656 militaverunt
611 1579 761 1651 m'eritis
791 1587 829 1652 et
860 1585 923 1650 'ex-

91 1683 231 1772 emplis
244 1704 412 1756 renoves
430 1683 470 1754 in
482 1683 599 1756 nobis
614 1681 803 1773 Spiritum
813 1680 926 1753 Sanc-

89 1790 172 1854 tum
197 1793 319 1854 tuum:
350 1804 428 1873 quo
454 1785 653 1873 aspirante
681 1790 817 1855 eontra
844 1803 924 1853 car-

89 1905 193 1972 nem,
230 1883 417 1956 mundum
452 1893 489 1955 et
524 1883 726 1955 diabolum
759 1883 925 1956 viriliter

90 1985 343 2056 decertemus,
376 1985 426 2056 Et
442 1985 534 2075 quia
550 1985 634 2056 sine
651 1983 787 2055 labore
805 1992 925 2055 certa·
1000 2016 1006 2021 ·

88 2085 206 2178 minis
229 2105 309 2156 non
333 2093 393 2158 est
415 2086 547 2176 palma
568 2084 758 2172 victoriae,
784 2084 834 2154 da
857 2105 924 2156 no·

87 2186 152 2258 bis
183 2187 224 2256 in
252 2186 432 2258 adversis
448 2185 701 2275 patientiam,
734 2186 774 2256 in
804 2191 925 2260 tenta·

87 2288 195 2358 tione
220 2288 496 2376 constantiam,
526 2288 567 2358 in
586 2287 773 2378 periculis
798 2288 924 2359 consi·

85 2390 193 2460 lium.
229 2388 291 2459 Da
306 2389 423 2461 nobis
440 2387 684 2461 castimoniae
702 2389 923 2478 puritatem,

85 2491 334 2580 paupertatis
380 2487 636 2576 desiderium,
688 2489 923 2562 obedientiae

84 2591 254 2662 fructum
283 2601 321 2662 et
350 2589 613 2662 observantiae
638 2589 753 2662 fidele
780 2610 924 2681 propo-

86 2692 221 2780 situm;
250 2699 442 2782 quatenus
467 2699 535 2772 tua
562 2691 833 2763 consolatione
862 2712 923 2762 ro·

84 2792 217 2862 borati
233 2813 279 2864 ac
293 2793 464 2865 fraterna
481 2793 654 2866 devincti
668 2793 828 2866 caritate
846 2813 922 2866 ser-

83 2891 242 2965 viamus
271 2894 433 2968 humero
455 2915 551 2967 uno:
584 2894 719 2984 sicque
750 2903 923 2971 transea-

783 3017 820 3081 9,..
