2366 3556
430 121 647 192 ..31,.

125 316 203 384 qua
224 295 348 368 latera
364 297 545 370 diversos
561 298 707 386 gradus
726 295 958 369 humilitatis

124 395 188 468 vel
212 395 435 487 disciplinae
459 399 640 471 evocatio
665 397 801 471 divina
826 417 958 469 ascen·

125 496 276 570 dendos
299 497 474 570 inseruit.

210 615 355 686 Prunus
387 618 521 708 itaque
548 617 704 689 humilit
688 615 781 688 tatis
810 616 1048 720 graduszema
974 624 1024 666 2⁷³
1017 637 1060 686 ⁵¹¹.-

123 723 193 806 est,
226 717 261 789 si
291 718 470 791 timorem
492 719 567 791 Dei
595 718 672 791 sibi
702 723 790 789 ante
819 679 1020 789 oculosa-'s
1009 732 1064 783 at·

123 839 278 909 semper
296 839 448 909 ponens
464 820 705 894 oblivionem
722 819 881 892 omnino
900 818 957 890 iu·

123 919 205 1008 giat
232 927 270 991 et
291 940 438 992 memor
467 921 519 993 sit
543 922 675 993 omnia
699 941 788 1011 qnae
811 939 955 1010 praece-

121 1021 181 1109 pit
203 1020 325 1092 Deus:
348 1030 391 1093 ut
415 1023 582 1113 qualiter
605 1032 643 1095 et
666 1027 955 1095 contemnentes

122 1120 248 1193 Deum
276 1122 455 1212 gehenna
484 1123 533 1196 de
561 1124 735 1214 peccatis
763 1123 957 1211 incendat,

123 1231 160 1294 et
169 1223 292 1295 vitam
303 1229 489 1296 aeternam
499 1246 588 1316 quae
597 1223 957 1298 timentibusDeum

123 1333 346 1416 praeparata
361 1334 431 1416 est,
449 1327 579 1400 animo
595 1346 668 1397 suo
686 1343 841 1414 semper
854 1325 958 1397 evol-

100 1425 262 1517 ·‘vatpet
277 1427 505 1502 custodiens
525 1448 567 1500 se
584 1426 691 1498 omui
705 1427 805 1498 hora
826 1447 850 1496 a
870 1445 958 1514 pec-

124 1526 221 1598 catis
239 1533 276 1598 et
293 1526 414 1615 vitiis,
435 1527 477 1600 id
498 1535 557 1600 est
574 1526 866 1618 cogitationum,
886 1527 958 1598 lin·
1029 1531 1030 1535 ’

122 1647 226 1717 gnae,
255 1649 450 1717 manuum,
480 1628 627 1719 pedum
654 1628 719 1700 vel
742 1628 958 1702 voluntatis

121 1729 295 1819 propriae
320 1769 357 1778 -
383 1729 454 1801 sed
483 1738 520 1801 et
542 1728 740 1805 desideria
764 1729 894 1801 carnis
918 1768 981 1816 -Λ

123 1829 290 1902 aestimet
313 1851 355 1903 se
375 1830 495 1901 homo
517 1832 565 1903 de
588 1830 696 1903 caelis
719 1829 842 1903 aDeo
860 1852 957 1903 sem-

122 1950 193 2018 per
220 1931 367 2021 respici
399 1931 505 2002 omni
535 1932 650 2020 hora,
681 1939 719 2002 et
750 1931 854 2004 facta
887 1952 958 2003 sua

123 2031 229 2101 omni
255 2032 345 2104 loco
375 2033 425 2104 ab
455 2039 616 2123 aspectu
641 2031 872 2104 Divinitatis
900 2032 957 2104 vi-

123 2131 208 2202 deri
236 2140 274 2203 et
305 2134 354 2204 ab
382 2132 532 2223 angelis
563 2131 669 2205 omni
697 2133 796 2204 hora
818 2153 956 2204 renun-

122 2233 222 2305 tiari.
245 2233 528 2307 Demonstrans
541 2232 658 2306 nobis
671 2233 748 2304 hoc
759 2233 957 2323 Propheta

96 2347 99 2363 *
123 2354 210 2407 cum
225 2337 266 2407 in
283 2336 590 2426 cogitationibus
601 2335 749 2408 nostris
766 2335 821 2406 ita
831 2334 958 2407 Deum

122 2458 276 2527 semper
312 2447 564 2530 praesentem
583 2436 757 2509 ostendit
803 2436 955 2509 dicens:

123 2537 329 2627 „Scrutans
361 2540 482 2612 corda
511 2548 549 2611 et
578 2560 692 2611 renes
722 2538 888 2627 Deus;“¹
919 2548 957 2635 et

122 2639 229 2710 item:
254 2639 467 2728 „Dominus
483 2640 595 2712 novit
611 2639 870 2728 cogitationes
886 2639 955 2711 ho·

122 2785 328 2792 ——--—---—--

200 2849 206 2880 ¹
221 2847 266 2899 Ps.
277 2849 299 2910 7,
311 2850 348 2898 10.
360 2848 442 2912 Apoc.
452 2849 475 2910 2,
485 2849 523 2898 23.
