2356 3564
497 148 719 222 .-78-

192 343 350 395 versum
382 331 420 396 et
454 326 566 396 orent
597 333 636 396 et
670 326 743 397 sub
775 346 854 398 uno
891 345 1026 399 omnes

192 425 380 497 accedant
404 427 454 497 ad
470 447 645 513 mensam
659 467 703 476 —-
719 428 786 517 qui
809 449 881 518 per
896 429 1025 518 negle-

191 525 362 612 gentiam
379 547 491 598 suam
512 535 578 600 aut
593 528 692 602 vitio
708 549 789 601 non
803 529 1025 618 occurrerit,

190 645 315 714 usque
346 627 560 698 secundam
581 629 711 700 vicem
740 650 811 718 pro
841 629 919 701 hoc
942 650 1024 701 cor·
1069 662 1072 670 ·

190 725 366 815 ripiatur.
412 727 454 799 Si
483 727 614 801 denuo
641 749 722 801 non
747 730 1024 817 emendaverit,
1145 773 1150 781 ‚

190 846 269 897 non
292 829 538 918 permittatur
565 829 617 902 ad
636 851 791 902 mensae.
808 832 1024 902 communis

190 929 552 1021 participationem,
585 932 656 1003 sed
693 939 962 1021 sequestratus
1000 954 1040 1003 a

189 1030 390 1102 consortio
421 1032 593 1104 omnium
621 1033 769 1104 reficiat
796 1033 906 1104 solus
936 1033 1024 1104 sub-

188 1129 269 1202 lata
290 1130 327 1202 ei
349 1131 531 1220 portione
556 1153 628 1204 sua
643 1133 727 1205 vini
747 1153 873 1222 usque
897 1133 948 1204 ad
965 1153 1024 1204 sa-

188 1232 453 1305 tistactionem
468 1240 506 1306 et
522 1235 843 1318 emendationem.
883 1233 1023 1305 Simili·

188 1339 248 1404 ter
265 1342 393 1405 autem
414 1334 587 1424 patiatur
608 1335 730 1424 quiet
748 1335 799 1406 ad
815 1335 925 1407 illum
939 1356 1023 1408 ver-

189 1453 274 1503 sum
288 1455 368 1505 non
383 1435 500 1507 fuerit
515 1455 692 1525 praesens
707 1435 774 1526 qui
786 1443 879 1526 post
894 1436 1024 1507 cibum

190 1534 341 1606 dicitur.

273 1637 331 1706 Eu
348 1653 396 1702 uu
416 1637 505 1726 quis
517 1645 730 1728 praesumat
740 1644 829 1708 ante
839 1642 1024 1722 statutam

187 1737 324 1810 horam
348 1736 413 1810 vel
436 1746 576 1828 postea
604 1736 821 1829 quidquam
849 1737 928 1808 cibi
958 1745 1024 1808 aut

186 1846 305 1927 potus
327 1859 576 1928 praesumere.
599 1838 744 1910 —Sed
768 1845 806 1909 et
829 1837 893 1909 cui
913 1838 1023 1909 offer-

185 1944 248 2008 tur
265 1937 417 2028 aliquid
434 1960 458 2010 a
473 1939 619 2029 Priore,
636 1947 674 2012 et
691 1939 868 2029 accipere
885 1940 1022 2028 renuit,

185 2038 284 2110 hora
300 2059 378 2130 qua
396 2040 680 2114 desideraverit
695 2041 772 2113 hoc
788 2041 896 2132 quod
911 2041 1022 2131 prius

184 2141 383 2213 recusavit
398 2149 465 2212 aut
478 2141 597 2230 aliud,
614 2142 773 2214 omnino
786 2140 886 2211 nihil
898 2141 1022 2230 perci-

185 2241 268 2330 piat
277 2262 402 2332 usque
414 2243 465 2314 ad
476 2243 788 2315 emendationem
799 2263 1021 2332 congruam.

215 2441 319 2498 XLIV.
354 2443 407 2498 DE
425 2443 489 2498 HIS
509 2443 577 2510 QUI
596 2441 992 2500 EXCOMMUNICANTUR

310 2572 312 2578 ,
352 2525 539 2594 QUOMODO
563 2525 856 2583 SATISFACIANT.

73 2673 175 2734 ornari.
271 2644 344 2728 QUI
367 2659 439 2710 nuo
464 2644 652 2734 gravibus
673 2645 801 2735 culpis
818 2645 867 2717 ab
884 2644 1019 2738 Orato-

77 2724 171 2818 iiiii.
183 2743 243 2814 rio
267 2751 305 2816 et
333 2765 470 2816 mensa
493 2745 897 2816 excommunicantur:
920 2745 1019 2816 hora

184 2864 262 2936 qua
286 2843 396 2938 Opus
418 2844 493 2918 Dei
514 2846 554 2918 in
571 2845 752 2954 Oratorio
776 2846 1018 2937 percelebra-
