2356 3564
528 185 767 258 -114-

228 357 344 446 tucri,
372 357 527 432 etiamsi
549 360 721 455 qualivis
746 365 1057 454 consanguinita-

228 459 280 532 tis
303 459 597 551 propinquitate
620 463 839 553 iungantur.
1124 545 1129 556 ,

317 572 400 645 Nec
423 573 600 664 quolibet
621 575 741 649 modo
762 576 805 649 id
821 598 844 650 a
858 581 1059 653 monachis

228 680 504 766 praesumatur,
536 675 629 765 quia
657 676 798 749 exinde
827 680 1060 769 gravissima

231 775 388 848 occasio
420 775 694 849 scandalorum
728 778 822 851 oriri
851 787 992 870 potest.
1020 821 1060 830 —

231 877 345 962 Quod
369 876 404 948 si
428 877 517 968 quis
539 877 627 950 haec
645 886 913 969 transgressus
937 882 1061 971 fuerit,

232 976 360 1051 acrius
385 983 618 1052 coerceatur.

230 1212 321 1268 LXX.
348 1212 403 1270 UT
416 1211 496 1272 NON
509 1211 733 1351 ΡΒέἓῑὲξὲἔ
751 1213 890 1272 Pnssln
903 1215 1063 1288 ALIQUIS

130 1463 218 1514 issu.
319 1440 500 1512 meun
515 1439 557 1510 in
572 1439 810 1512 monasterio
828 1440 955 1512 omnis
966 1461 1064 1531 prae·
1158 1451 1159 1520 ἰ

129 1517 161 1606 {31
170 1525 220 1608 tit:
233 1538 469 1629 sumptionis
491 1537 659 1610 occasio.
690 1537 925 1612 Ordinamus
949 1548 1065 1630 atque
1158 1525 1159 1554 ¹

233 1638 518 1728 constituimus
532 1644 576 1709 ut
590 1638 689 1710 nulli
700 1638 817 1712 liceat
832 1660 1066 1730 quemquam

232 1741 394 1813 fratrum
433 1760 592 1813 suorum
625 1739 961 1824 excommunicare
999 1749 1066 1813 aut
1157 1795 1158 1818 ι

233 1840 384 1914 caedere
415 1841 496 1912 nisi
525 1841 588 1914 cui
621 1846 798 1932 potestas
832 1843 882 1914 ab
910 1840 1067 1914 Abbate
1156 1839 1158 1872 ²

233 1942 325 2015 data
356 1942 482 2016 fuerit.
527 1941 739 2014 Peccantes
773 1948 903 2014 autem
936 1963 1069 2015 coram

234 2043 415 2117 omnibus
445 2050 672 2132 arguantur,
701 2049 746 2116 ut
773 2042 892 2115 ceteri
922 2051 1069 2117 metum

233 2146 414 2218 habeant.

319 2258 516 2330 Iusuuuuu
548 2278 643 2331 vero
680 2276 807 2347 usque
845 2255 1070 2347 quindecim

235 2378 425 2431 annorum
453 2365 589 2430 aetates
617 2356 841 2447 disciplinae
863 2355 1070 2445 diligentia

235 2460 285 2531 ab
309 2460 490 2533 omnibus
508 2467 546 2532 et
565 2458 747 2531 custodia
763 2457 829 2544 sit,
852 2456 924 2529 sed
939 2464 977 2529 et
991 2456 1072 2528 hoo

235 2581 322 2634 cum
347 2561 452 2634 omni
473 2580 657 2632 mensura
679 2566 717 2630 et
738 2557 901 2630 ratione.

321 2675 424 2748 Nam
450 2674 491 2746 in
513 2672 668 2746 fortiori
692 2679 807 2746 aetate
832 2672 899 2762 qui
921 2689 1072 2761 praesu·
1117 2657 1120 2662 ’
1156 2743 1157 2760 ,

234 2777 305 2849 mit
320 2776 566 2867 aliquatenus
584 2775 668 2846 sine
684 2781 884 2864 praecepto
898 2771 1072 2845 Abbatis

120 2969 126 2981 ο
235 2877 301 2950 vel
324 2877 366 2947 in
381 2877 481 2969 ipsis
498 2875 714 2951 infantibus
731 2873 816 2947 sine
833 2872 1075 2946 discretione
1156 2873 1157 2916 ³
