2356 3564
511 204 729 279 —74-

220 383 297 438 XLI.
328 383 473 452 QUIBUS
490 382 810 523 Hgffizpffifflffl
826 383 1029 442 REFIGERE·

92 597 167 636 9999
113 595 195 686 opgft
290 583 328 654 A
364 597 504 650 snucro
541 583 696 654 Pascha
734 603 859 672 usque
900 583 1037 656 Pente·

97 649 165 740 135110
153 693 339 756 ov-costen
370 684 421 756 ad
452 691 603 756 sextam
633 682 808 754 reficiant
836 684 976 756 fratres
999 692 1038 757 et
1124 753 1133 758 ..

203 806 291 856 sera
316 785 463 858 cen'ent

291 885 329 956 A
355 885 586 959 Pentecoste
617 892 746 957 autem
777 891 860 956 tota
890 892 1037 975 aestate,

104 1067 107 1073 ,
205 987 240 1059 si
267 987 425 1059 labores
457 1007 640 1077 agrorum
671 1006 752 1058 non
781 985 928 1058 habent
958 1007 1038 1058 mo·
1167 981 1168 992 ’

100 1136 103 1145 -
202 1088 329 1177 naehi,
360 1095 427 1161 aut
455 1088 636 1171 nimietas
666 1087 816 1159 aestatis
845 1107 925 1158 non
952 1083 1055 1177 per?

202 1188 348 1278 turbat,
377 1195 518 1280 quarta
547 1197 585 1260 et
608 1194 721 1260 sexta
743 1186 842 1259 feria
865 1186 1039 1260 ieiunant

202 1309 327 1378 usque
357 1288 408 1359 ad
435 1308 595 1377 nonam3
626 1286 790 1378 reliquis
818 1286 957 1358 diebus
988 1288 1039 1359 ad

203 1395 358 1460 sextam
371 1388 598 1477 prandeant.
631 1388 728 1473 Quae
745 1387 903 1477 prandii
915 1396 1038 1477 sexta,

205 1488 240 1559 si
256 1508 398 1578 operas
422 1488 463 1560 in
479 1489 584 1578 ag'ris
599 1490 817 1579 habuerint,
841 1496 908 1561 aut
925 1497 1038 1561 aesta-

202 1590 253 1662 tis
281 1590 413 1662 fervor
440 1588 584 1661 nimius
607 1589 741 1679 fuerit,
771 1590 1038 1663 continuanda

203 1689 286 1773 erit,
308 1696 346 1761 et
368 1689 409 1760 in
422 1689 592 1761 Abbatis
616 1691 667 1764 sit
689 1690 950 1781 providentia.
989 1691 1039 1764 Et

203 1791 261 1864 sic
296 1791 428 1863 omnia
461 1798 651 1881 temperet
688 1798 805 1883 atque
841 1790 1037 1881 disponat,

203 1892 371 1981 qualiter
395 1899 433 1963 et
454 1890 596 1963 animae
621 1894 835 1982 salventur,
865 1899 903 1964 et
931 1891 1039 1981 quod

87 2044 89 2050 s
202 1994 350 2067 faciunt
372 1993 512 2066 fratres
530 1994 680 2085 absque
701 1993 805 2066 iusta
825 2013 1037 2064 murmura·

203 2095 309 2166 tione
331 2094 487 2166 faciant.

288 2193 353 2267 Ab
394 2194 532 2266 Idibus
577 2201 706 2267 autem
742 2193 1037 2283 Septembribus

202 2315 328 2384 usque
345 2302 463 2384 caput
479 2293 799 2384 Quadragesimae
823 2294 876 2365 ad
893 2315 1038 2367 nonam

204 2415 358 2485 semper
380 2393 565 2466 reficiant.

289 2497 336 2566 In
368 2495 678 2584 Quadragesima
708 2515 803 2568 vcro
836 2515 962 2584 usque
995 2495 1038 2565 in

203 2597 357 2669 Pascha
392 2595 443 2668 ad
473 2616 682 2685 vesperam
713 2593 898 2666 reficiant.
943 2595 1038 2684 Ipsa

202 2705 332 2769 tamen
356 2697 533 2784 Vespera
563 2697 622 2767 sic
652 2703 805 2785 agatur,
836 2702 879 2767 ut
906 2695 1037 2767 lumen

202 2799 372 2870 lucernae
395 2817 475 2869 non
491 2797 695 2886 indigeant
709 2796 939 2884 reficientes,
965 2796 1037 2869 sed

156 2895 160 2900 ’
202 2901 289 2971 luce
313 2898 442 2970 adhuc
465 2897 546 2969 diei
561 2898 693 2970 omnia
712 2904 1036 2969 consummentur.
