2356 3564
131 399 243 470 detur
264 395 462 486 ‘occasi03'
492 396 571 470 nisi
608 396 708 468 iortc
740 396 854 466 Prior
890 399 963 484 pro

130 499 391 581 aedificatione
414 497 584 572 voluerit
612 497 764 586 aliquid
790 495 965 568 breviter

130 599 270 672 dicere.
573 597 575 603 ’
946 635 947 638 “

216 699 371 770 monn
396 707 525 771 autem
552 699 676 771 lector
698 699 964 784 hebdomada·

129 800 211 870 rius
242 799 411 889 accipiat
441 801 616 888 mixtum,
648 801 877 890 priusquam
909 800 964 869 in-

130 900 251 990 cipiat
283 900 428 990 legere,
460 909 621 992 propter
652 902 964 973 communionem

130 1009 306 1072 sanctam
329 1009 367 1073 et
390 1022 439 1073 ne
462 1003 562 1074 forte
586 999 706 1090 graue
734 1003 786 1073 sit
808 1001 845 1073 ei
869 1003 964 1073 ieiu‘-

128 1101 237 1171 nium
274 1101 482 1190 sustinere3
526 1109 666 1192 postea
709 1110 839 1174 autem
877 1124 964 1174 cum

129 1201 313 1290 coquinae·
339 1201 661 1275 hebdomadariis
695 1210 733 1274 ct
765 1205 964 1276 servitori-

128 1303 202 1374 bus
225 1303 384 1375 reficiat.

214 1403 372 1477 Fratres
409 1411 538 1476 autem
569 1424 649 1476 non
681 1424 752 1493 per
787 1405 965 1478 ordinem

128 1505 260 1594 legant
283 1513 350 1578 aut
373 1512 545 1593 cantent,
575 1505 647 1576 sed
676 1506 744 1594 qui
768 1506 964 1578 aedificant

129 1604 344 1678 audientes.
408 1688 410 1692 ¹
435 1607 439 1614 '
513 1691 516 1698 ¹

275 1793 412 1848 XXXIX.
447 1793 500 1847 DE
519 1792 706 1852 MENSURA
725 1793 810 1856 CIBI.

215 1906 425 1978 Summum:
463 1906 657 1976 credimus
697 1907 748 1977 ad
784 1905 1072 2012 refectiossgngglrt

126 2028 216 2079 nem
254 2004 524 2095 quotidianam
565 2014 646 2078 tam
682 2014 805 2078 sextae
844 2028 962 2096 quam
978 2001 1068 2066 ¹⁷3n0v'-

126 2127 243 2178 nonae
267 2104 449 2177 omnibus
471 2107 617 2177 mensis
639 2115 751 2179 cocta
775 2106 853 2178 duo
877 2107 961 2196 pul·
1057 2149 1060 2154 ,
1139 2142 1141 2147 ·

126 2206 316 2281 mentaria
343 2213 506 2295 propter
533 2206 779 2280 diversorum
804 2207 961 2278 infirmi·

129 2317 241 2395 tatae,
264 2315 307 2382 ut
326 2305 427 2378 forte
449 2307 517 2396 qui
541 2327 590 2378 ex
613 2307 682 2379 illo
698 2328 777 2379 non
792 2309 964 2398 potuerit

127 2412 257 2497 edere,
293 2429 343 2480 ex
378 2406 457 2479 alio
492 2405 698 2479 reficiatur.
743 2409 847 2498 Ergo
883 2408 961 2481 duo

59 2519 64 2523 ’
125 2507 401 2602 pulmentaria¹
420 2514 532 2591 cocta
563 2508 750 2582 fratribus
780 2509 961 2581 omnibus

127 2611 332 2684 sufficiant.
370 2609 420 2680 Et
436 2607 471 2678 si
487 2607 613 2692 fuerit,
636 2608 740 2680 unde
762 2630 879 2698 poma
896 2617 962 2681 aut

5 2713 9 2726 ’
125 2710 328 2783 nascentia
351 2708 604 2798 leguminum,
627 2708 805 2782 ‘addatur
828 2701 873 2783 et'
888 2720 974 2783 ter·-

125 2814 232 2886 tium.
264 2810 384 2881 Panis
407 2810 509 2883 libra
531 2824 610 2881 una
633 2827 833 2901 propensa
857 2811 961 2882 suffi-

128 2915 205 2985 ciat
228 2912 270 2983 in
293 2911 372 2997 die,
402 2909 487 2997 sive
508 2931 587 2982 una
615 2911 669 2983 sit
689 2912 851 2984 reiectio
876 2912 961 2984 sive
