2356 3564
512 181 761 254 ..120-

219 354 280 441 sti,
305 353 580 443 qui·venturus
603 365 662 428 est
684 354 857 444 judicare
873 355 989 427 vivos
1015 361 1054 425 et

217 461 405 544 mortuos
429 462 467 528 et
490 458 677 530 saeculum
698 478 770 547 per
792 456 931 546 ignem.

295 555 510 645 1111111111.

304 654 428 746 Kyrie
472 658 631 731 eleison.
693 658 848 732 Christe
891 656 1052 728 eleison.

218 755 342 846 Kyrie
366 757 525 830 eleison

260 891 262 898 s
305 855 422 929 Pater
442 868 585 932 noster.
608 874 725 924 secreto.

218 949 265 1041 1.
289 956 338 1028 Et
361 977 409 1029 ne
432 979 506 1031 nos
529 960 693 1032 inducas
724 960 765 1030 in
786 957 1054 1030 tentationem.

218 1059 263 1149 11.
289 1059 367 1131 Sed
388 1060 514 1132 libera
536 1081 610 1133 nos
635 1059 794 1132 amalo

219 1153 266 1245 17.
291 1160 433 1233 Salvos
456 1162 519 1234 fac
542 1181 680 1234 servos
701 1167 802 1232 tuos

218 1259 264 1349 11.
288 1260 395 1332 Deus
418 1282 539 1351 meus,
563 1270 766 1352 sperantes
790 1261 901 1331 inte

219 1350 266 1444 1.
290 1359 386 1433 Esto
416 1357 1161 1450 1101)111)οι11111ε111111110111111-ι

294 1459 408 1532 dinis.
1160 1457 1161 1466 ³

198 1559 265 1651 11.
288 1559 326 1630 Α
347 1561 483 1632 facie
471 1563 630 1635 mimici.

219 1649 267 1746 17.
291 1660 483 1733 Dominus
495 1662 678 1736 vntutem
686 1662 836 1752 populo
846 1681 918 1732 suo
933 1658 1054 1731 dabit

218 1759 265 1851 11.
288 1759 482 1834 Dominus
498 1763 704 1836 benedicet
726 1763 917 1854 populum
940 1778 1055 1832 suum
1162 1759 1163 1794 i

294 1864 336 1936 in
357 1884 466 1955 pace

216 1955 267 2050 17.
290 1965 399 2037 Mitte
431 1965 548 2038 nobis
580 1965 746 2038 Domine
779 1931 969 2036 auxilium
1004 1960 1055 2033 de

296 2076 442 2139 sancto.
521 2125 524 2130 .

220 2167 266 2257 11.
289 2167 339 2239 Et
362 2168 409 2241 de
434 2167 529 2240 Sion
552 2175 660 2240 tuere
683 2187 766 2239 nos

219 2258 267 2352 1.
291 2266 457 2339 Domine
481 2268 627 2340 exaudi
651 2267 868 2339 orationem
890 2285 1026 2338 meam.

219 2367 265 2457 11.
287 2368 337 2440 Et
360 2368 508 2442 clamor
530 2388 640 2441 meus
664 2369 715 2440 ad
738 2378 776 2441 te
798 2369 941 2441 veniat.

220 2460 268 2554 1.
291 2469 483 2541 Dominus
507 2471 725 2543 vobiscum.

220 2570 266 2660 11.
289 2570 339 2642 Ε1
362 2591 450 2642 cum
472 2571 614 2661 spiritu
635 2579 713 2645 tuo.

552 2672 726 2746 Oremus.
804 2699 806 2707 s
1005 2753 1007 2760 Α

307 2770 415 2842 Deus
440 2772 698 2862 omnipotens
720 2773 914 2844 bonorum
933 2768 1055 2841 omni-

222 2891 288 2941 um
309 2871 482 2960 largitor,
507 2873 706 2963 supplices
730 2882 768 2946 te
788 2893 984 2962 rogamus
1011 2879 1056 2942 ut
