2356 3564
427 105 708 215 -129-·

123 319 350 393 felicissime
375 318 659 391 commendasti
682 326 799 409 atque
822 341 957 393 omnes

124 421 192 511 qui
212 419 399 510 gloriosae
422 418 560 490 mortis
583 425 663 491 tuae
686 428 725 491 et
743 419 958 496 caelestium

122 521 357 611 gaudiorum
380 518 557 609 quotidie
577 527 615 592 te
640 519 878 592 admonituri
900 541 957 593 es·

122 630 209 694 sent
224 621 464 713 insuprema
478 621 616 692 mortis
631 621 845 698 luctatione
866 641 957 693 con-

120 732 181 795 tra
196 742 331 794 omnes
352 721 600 794 inimicorum
615 721 784 796 insidias
800 730 956 802 strenue

119 829 157 895 te
183 822 435 895 defensurum
456 822 692 913 promisisti:
708 823 872 895 custodi
894 844 955 895 me

120 943 268 1014 quaeso,
292 923 466 1012 gloriose
488 923 616 1010 Pater,
646 923 766 995 hodie
795 931 834 995 et
861 945 955 1014 quo·

118 1024 215 1095 tidie
252 1032 321 1096 tua
354 1030 490 1096 sancta
525 1022 816 1112 benedictione,
846 1031 897 1102 ,ut
932 1046 955 1096 a

116 1123 326 1196 benedicto
349 1130 486 1197 nostro
510 1124 607 1198 Jesu
630 1130 748 1214 atque
776 1131 889 1196 atua
916 1134 955 1197 et

118 1223 291 1296 omnium
306 1224 610 1298 Benedictorum
631 1225 820 1298 societate
842 1225 952 1297 nullo

115 1323 219 1396 malo
249 1322 403 1396 valeam
436 1325 623 1414 separari.
668 1324 745 1396 Per
774 1325 953 1398 eumdem

116 1425 316 1498 Christum
333 1425 545 1498 Dominum
567 1433 755 1498 nostrum.
792 1426 929 1498 Amen.
1056 1419 1064 1444 ‘

145 1554 270 1624 (Indulg.
282 1555 335 1608 300
349 1553 420 1610 dior.
434 1555 523 1609 semel
535 1554 565 1609 iu
578 1537 768 1610 die'luerand.
782 1557 923 1612 concessit

281 1632 351 1688 Pius
363 1633 421 1688 ΡΡ.
435 1634 486 1690 ΙΧ.
497 1633 546 1688 die
558 1634 600 1689 14.
614 1633 680 1688 maii
695 1634 784 1704 1861.)
860 1705 862 1712 y

185 1902 317 1976 -Vetus
341 1911 374 1977 et
396 1905 497 1977 vuldo
521 1904 646 1976 devota
669 1904 853 1978 Orationi

301 2092 304 2096 ,
359 2006 392 2078 S.
415 2005 451 2078 P.
475 2004 704 2080 Benedictrm'.

199 2130 230 2202 O
249 2131 348 2204 alme
363 2139 476 2222 pater
489 2131 713 2221 Beneffiote,
736 2131 946 2203 monacho·

110 2251 197 2302 rum
221 2230 303 2302 dux
332 2241 370 2304 et
398 2231 627 2322 monarcha,
657 2253 749 2323 spes
778 2239 817 2304 et
845 2233 945 2304 sola-

108 2330 214 2403 tium'
226 2332 398 2404 omnium
419 2334 471 2405 ad
490 2342 528 2405 te
542 2339 626 2406 toto
643 2332 761 2405 corde
778 2334 945 2405 claman-

107 2433 215 2521 tium,
238 2439 317 2504 tuae
337 2435 597 2508 sanctissimae
619 2433 856 2525 protectioni
875 2434 943 2505 hu·

108 2533 253 2606 militer
274 2554 336 2605 me
360 2536 606 2626 commendo,
630 2542 673 2608 ut
695 2543 858 2626 propter
879 2557 944 2607 ex·

108 2633 329 2708 cellentiam
343 2636 569 2709 meritorum
585 2646 741 2710 tuorum
758 2636 808 2708 ab
822 2637 943 2708 omni-

106 2733 180 2812 bus
210 2754 299 2825 quae
327 2736 523 2808 contraria
554 2744 644 2809 sunt
675 2737 816 2809 animae
843 2757 942 2808 meae

107 2832 316 2907 defendere
340 2856 402 2908 me
427 2837 616 2927 digneris,
646 2846 762 2936 atquo
787 2838 836 2910 de
858 2839 940 2929 pie·

157 2947 213 3000 seg.
231 2948 252 2991 S.
268 2949 348 2993 Bouod.
800 2961 817 3014 9
