2356 3564
543 175 602 236 -’
633 185 699 258 128
742 224 788 236 -

247 352 294 444 V.
313 360 483 432 Domine
511 360 618 434 Deus
652 361 855 451 virtutum,
896 373 1079 436 converte

246 562 292 652 R.
316 481 563 676 {isostende
593 560 735 634 faciem
766 569 874 634 tuam
906 570 944 635 et
977 565 1079 638 salvi
1146 569 1147 590 ³

323 682 477 733 errmus.
908 709 912 716 -

579 769 751 844 Oremus'.

333 871 483 960 Excitat,
514 871 692 962 Domine,
725 874 767 945 in
801 874 979 947 Ecclesia
1013 884 1080 948 tua

137 1045 142 1060 x
246 970 444 1061 Spiritum,
469 973 532 1044 cui
551 973 691 1044 beatus
714 972 831 1045 Pater
853 983 988 1046 noster
1008 976 1080 1048 Be-

246 1071 425 1144 nedictus
441 1073 579 1145 Abbas
596 1073 769 1162 servivit,
793 1082 836 1146 ut
852 1074 992 1146 eodem
1006 1098 1080 1149 nos
1146 1059 1147 1112 Ὗ

244 1173 385 1262 repleti
407 1173 633 1246 studeamus
658 1175 1082 1264 amare-quod'amavit

247 1279 284 1345 et
307 1293 425 1363 opere
450 1294 631 1346 exercere
655 1276 763 1365 quod
787 1275 931 1348 docuit.
1146 1353 1147 1356 ,

332 1374 394 1446 Da
409 1365 536 1463 nobis,
561 1395 786 1466 quaesumus
801 1376 979 1466 Domine,
994 1399 1080 1467 per·
1146 1473 1147 1476 Ἴ

246 1482 491 1547 severantem
522 1476 563 1547 in
592 1484 659 1549 tua
683 1479 886 1551 voluntate
916 1479 1079 1553 famula·
1146 1499 1147 1574 ξ

246 1587 337 1666 tum,
361 1577 467 1649 utin
491 1577 630 1650 diebus
654 1579 801 1651 nostris
826 1586 864 1652 et
879 1580 1017 1652 merito
1042 1591 1081 1652 et

130 1763 133 1770 .
245 1698 406 1750 numero
434 1678 607 1767 populus
634 1679 708 1750 tibi
737 1680 913 1753 serviens
938 1699 1079 1768 augea·
1146 1685 1147 1688 ’

246 1788 317 1950 tzur.
355 1778 431 1851 Per
447 1778 645 1862 Christum
660 1777 872 1853 Dominum
893 1787 1080 1852 nostrum.

286 1901 384 1952 men.

277 1997 399 2066 (Indulg.
411 1997 465 2052 300
477 1997 547 2053 dier.
561 1997 648 2054 semel
661 1997 691 2052 in
705 1997 751 2053 die
763 1997 893 2052 lucrand.
908 1999 1049 2054 concessit
1146 2031 1147 2068 3

250 2077 319 2131 Pius
332 2078 389 2133 ΡΡ.
403 2077 453 2132 ΙΧ.
467 2076 514 2132 die
527 2076 568 2130 29.
583 2091 648 2133 nov.
663 2077 731 2131 1853
745 2076 877 2131 omnibus
890 2077 1038 2133 monachis
1052 2085 1081 2134 et

427 2155 598 2210 monialibus
612 2155 718 2212 Unioni
731 2154 905 2225 adscriptis.)

290 2363 406 2437 Oratio
431 2365 474 2437 ad
498 2365 531 2437 S.
551 2365 587 2437 P.
611 2352 831 2537 Berrrtedictum
853 2387 914 2455 pro
937 2361 1036 2439 felice
1146 2425 1147 2454 ÷

603 2485 658 2537 mo
694 2484 721 2536 e.
1146 2483 1147 2490 ¹

333 2576 365 2648 O
388 2578 501 2651 beate
517 2577 644 2667 Pater,
667 2577 794 2668 gratia
817 2586 856 2648 et
875 2577 1033 2649 nomine
1058 2600 1082 2649 a
1146 2647 1147 2658 ,

245 2677 330 2750 Deo
361 2678 589 2768 Benedicte,
626 2679 694 2769 qui
723 2679 942 2768 angelicum
971 2687 1082 2750 tuum
1146 2711 1147 2738 t

247 2774 442 2866 spiritum,
476 2779 615 2852 erectis
646 2779 697 2850 ad
729 2780 868 2851 caelum
897 2779 1082 2852 manibus
1146 2851 1147 2856 ,

247 2887 355 2950 stans
380 2889 419 2962 et
442 2898 559 2954 orans
582 2881 624 2952 in
646 2900 785 2954 manus
809 2881 866 2955 tui
881 2879 1083 2960 Creatoris
1146 2927 1147 2930 π
