2366 3556
453 183 665 254 „V-

141 355 356 428 secundum
371 357 623 430 traditionem
642 359 701 449 pii
714 359 844 430 Patris
860 359 978 432 etiam

138 483 369 555 modernam
384 483 539 556 habere.
566 485 710 575 Eligite
725 485 854 575 vobis,
870 487 979 576 quod

140 610 397 682 desiderabili
420 611 613 700 placuerit
636 609 821 682 animo.“¹

226 767 287 849 Ex
310 777 453 868 quibus
472 777 606 849 verbis
630 777 847 848 luculenter
869 784 978 866 patet

138 905 218 974 iam
246 912 344 992 tum,
370 903 528 974 ineunte
557 903 810 994 saecu101X‚
843 926 865 976 a
894 906 978 995 qui-

137 1029 306 1120 busdam
322 1029 523 1118 magistris
542 1037 691 1101 textum
704 1039 742 1102 et
758 1051 977 1104 sermonem

139 1164 177 1227 et
200 1133 333 1227 stilum
361 1177 391 1227 s,
414 1155 577 1245 Regulae
600 1157 710 1229 iuxta
734 1177 869 1228 eorum
893 1159 976 1248 pla-

139 1282 473 1354 citaemendatos
496 1282 637 1372 fuisse,
665 1293 703 1356 et
726 1285 824 1357 istas
849 1306 975 1356 emen-

137 1409 318 1481 dationes
342 1410 383 1480 in
406 1409 537 1498 ipsum
560 1417 710 1482 textum
732 1411 952 1501 irrepsisse.

224 1577 340 1662 Quod
367 1577 465 1648 mire
495 1577 712 1649 illustratur
742 1578 879 1649 codice
908 1577 975 1649 914

135 1703 365 1776 monasterii
377 1701 657 1792 Sangallensis,
676 1704 717 1774 in
733 1724 811 1794 quo
827 1704 973 1775 haben-

135 1830 262 1902 turin
285 1838 394 1902 textu
418 1829 532 1920 signa
548 1830 707 1902 similia:
734 1831 812 1902 duo
827 1837 973 1920 puncta

135 1966 173 2030 et
195 1958 343 2029 lineola
365 1958 624 2029 horizontalis
649 1965 687 2028 et
710 1977 830 2046 supra
855 1962 893 2026 et
916 1955 972 2026 in-

133 2085 195 2156 fra
217 2092 404 2175 punctum
419 2106 549 2156 unum.
589 2085 711 2156 Cuius
734 2085 774 2154 in
796 2083 971 2172 margine

135 2231 181 2282 ea
204 2211 386 2300 leguntur
410 2209 674 2283 emendatoris
692 2210 888 2282 vocabula
907 2211 972 2282 vel

204 2443 213 2475 ¹
233 2441 354 2498 Confer:
373 2443 464 2499 Vetus
483 2442 641 2512 Disciplina
659 2441 816 2496 Monastiea
836 2443 878 2510 (P.
896 2443 970 2498 Mar-

132 2539 262 2608 quardus
280 2539 418 2607 Herrgott
438 2537 469 2594 0.
489 2538 517 2596 S.
536 2539 568 2592 Β.
587 2539 755 2594 Monasterii
777 2540 814 2593 ad
838 2525 969 2594 sanctum

132 2636 272 2705 Blasium)
291 2651 353 2706 pag.
372 2637 414 2692 33.
434 2667 468 2676 -
486 2634 645 2692 Grimaltus
669 2635 724 2690 fuit
742 2641 841 2706 postea
860 2637 968 2690 cancel-

132 2730 227 2784 larius
239 2731 380 2786 Ludoviei
399 2731 578 2800 Germanioi,
603 2731 670 2786 dein
692 2732 784 2786 abbas
802 2732 968 2787 Monasterii

97 2895 99 2900 ,
132 2827 170 2880 ad
188 2833 318 2881 sanetum
342 2827 470 2898 Gallum,
494 2827 565 2882 obiit
583 2843 608 2881 a.
628 2827 687 2883 872.
724 2830 811 2883 Tatto
829 2829 967 2884 suecessit

132 2913 309 2986 Reginberto
327 2915 357 2971 in
374 2915 511 2988 regimine
530 2917 644 2987 scholae,
663 2919 734 2973 obiit
753 2931 777 2970 a.
796 2915 856 2973 847.
