2356 3564
389 164 695 304 '-127-,

115 381 219 455 dicti.
264 381 540 457 Verumtamen
570 384 662 475 quia
692 384 743 456 ad
769 385 856 456 haec
878 385 946 456 im·

114 484 260 574 plenda
282 504 343 555 me
365 483 483 556 n‘imis
504 485 680 575 tepidum
701 493 740 557 et
755 484 949 557 infirmum

116 586 948 676 agnoscurogote,misericordissimeJes-u‚

105 693 173 774 ut,
198 684 266 774 qui
290 683 435 757 dedisti
456 685 553 758 mihi
574 688 749 762 vovendi
771 688 948 762 volunta-

117 793 205 873 tem,
234 785 385 856 tribuas
414 786 532 858 etiam
560 787 802 879 exsequendi
829 787 949 860 facul-

117 892 247 972 tatem,
269 906 409 976 meque
430 887 485 959 ita
502 887 661 978 dirigas,
684 896 827 961 utnon
841 889 949 978 mihi,

120 986 191 1058 sed
213 985 286 1058 tibi
309 984 386 1057 soli
405 987 538 1060 vivam
562 1007 774 1079 omnesque
791 989 950 1061 Ordinis

14 1122 16 1126 v
104 1085 393 1178 ‘observantias
417 1093 455 1158 et
471 1085 666 1178 quidquid
689 1087 830 1160 animae
852 1110 951 1161 meae

120 1186 642 1277 perfectionempromovere
650 1190 789 1279 possit,
800 1211 951 1262 summo

122 1288 254 1360 studio
279 1289 492 1379 amplectar
519 1290 570 1366 ad
593 1288 760 1381 gloriam
782 1290 952 1363 nominis

120 1390 198 1562 iffi]
213 1390 281 1480 qui
299 1411 341 1462 es
357 1390 465 1464 Deus
483 1391 715 1465 benedictus
738 1392 780 1464 in
797 1392 952 1463 saecuta.

200 1511 257 1562 en.

154 1593 277 1662 (Indulg.
292 1593 344 1647 300
355 1592 427 1648 dier.
441 1594 529 1649 semel
540 1595 570 1656 in
583 1595 630 1650 die
641 1593 771 1650 lucrand.
784 1592 926 1648 concessit

293 1671 362 1728 Pius
374 1673 431 1731 ΡΡ.
443 1675 493 1730 ΙΧ.
506 1673 553 1729 die
567 1674 607 1728 14.
621 1673 687 1729 maii
701 1673 790 1741 1861.)

389 1879 514 1953 Preces
536 1879 690 1954 Unionis.

211 1997 354 2070 Sancta
369 1998 504 2088 Maria,
519 2017 701 2071 succurre
717 1996 883 2084 miseris,
899 2017 957 2068 re·

124 2101 216 2170 iove
244 2097 412 2186 flebiles,
444 2119 513 2171 ora
543 2118 616 2189 pro
646 2100 812 2189 populu,
843 2097 958 2169 inter·

124 2199 216 2270 veni
245 2218 318 2287 pro
349 2199 464 2286 clere,
496 2198 692 2272 intercede
723 2219 795 2288 pro
826 2218 957 2269 mona-

124 2299 287 2370 chorum
304 2298 436 2388 chore,
461 2319 582 2371 exora
597 2320 670 2389 pro
688 2300 835 2372 devoto
852 2291 959 2370 femi-

124 2419 200 2471 neo
225 2419 338 2487 sexu3
367 2399 537 2472 sentiant
560 2420 695 2471 omnes
719 2407 828 2472 tuum
850 2400 958 2472 iuva·

124 2522 224 2589 men,
238 2500 473 2590 quicumque
485 2500 627 2574 devote
640 2500 839 2574 celebrant
851 2507 959 2573 tuum

14 2631 16 2636 ·
127 2609 304 2674 sanctum
326 2621 479 2672 nomen.

214 2701 467 2773 Sanctissime
479 2700 692 2773 Confessor
700 2699 870 2789 Domini,
879 2720 959 2772 mo·

126 2803 342 2874 nachorum
360 2801 477 2873 Pater
500 2809 539 2874 ‘et
551 2801 644 2873 Dux
656 2801 878 2888 Benedictc,
902 2801 959 2871 in-

127 2901 283 3006 tercede
305 2921 379 2993 pro
401 2909 537 2977 nostra
554 2902 803 2997 omniumque
825 2901 960 2976 salute.
