2356 3564
513 111 735 182 ..g2..

205 293 384 376 tempora
407 285 598 362 ordinari:
624 286 667 357 id
689 294 759 375 est,
781 293 825 361 ut
847 307 872 356 a
887 287 1043 360 Pascha

204 407 330 476 usque
371 385 574 459 Kalendas
622 385 812 468 Octobres
855 407 879 458 a
927 407 1041 460 mane

207 494 394 560 exeuntes
421 509 444 557 a
471 487 598 576 prima
626 505 750 578 usque
774 488 912 562 horam
939 508 1041 578 pene

206 595 399 684 quartam¹
418 588 598 659 laborent
634 588 742 677 quod
771 589 1041 663 necessarium

205 688 336 774 fuerit3
372 688 421 760 ab
455 682 564 759 hora·
586 695 715 760 autem
747 696 886 777 quarta
914 710 1039 779 usque

204 790 343 861 horam
365 789 481 880 quasi
505 798 657 862 sextam
678 796 859 878 agentem
878 789 1039 863 lectioni
1153 843 1154 846 η

203 897 354 963 vacent.
390 889 487 961 Post
509 897 661 962 sextam
681 896 810 961 autem
833 898 1038 980 surgentes
1153 929 1154 960 ;

204 1011 393 1064 amensa
424 999 591 1080 pausent
621 990 663 1062 in
690 987 804 1061 lectis
835 991 918 1062 suis
951 1011 1039 1064 cum

204 1093 326 1164 omni
340 1090 512 1181 silentio,
545 1098 612 1164 aut
641 1090 741 1162 forte
773 1091 843 1182 qui
868 1092 1038 1164 voluerit
1153 1087 1154 1170 Ξ

202 1193 332 1281 legere
356 1190 445 1275 sibi,
469 1191 527 1262 sic
549 1191 665 1280 legat,
687 1197 731 1262 ut
747 1190 867 1264 alium
881 1213 961 1265 non
980 1193 1037 1263 in·

203 1292 360 1382 quietet.
409 1293 458 1363 Et
492 1298 631 1380 agatur
661 1291 777 1363 Nona
813 1294 1036 1383 temperius,

200 1392 397 1470 mediante
414 1399 555 1468 octava
577 1392 685 1480 hora,
710 1401 748 1463 et
770 1393 911 1465 iterum
929 1396 1037 1484 quod
1153 1457 1154 1464 Ν

200 1492 422 1563 faciendum
442 1499 502 1564 est
522 1500 732 1582 operentur
747 1513 874 1584 usque
896 1496 947 1566 ad
964 1495 1036 1567 Ve·
1153 1489 1154 1552 ἶ

201 1610 367 1680 speram.
466 1627 467 1633 Ν

288 1689 331 1762 Si
355 1699 483 1764 autem
506 1693 723 1765 necessitas
748 1694 828 1767 loci
850 1700 918 1766 aut
938 1713 1034 1782 pau·
1153 1747 1154 1764 2

199 1799 332 1880 pertas
356 1793 540 1882 exegerit,
570 1802 613 1864 ut
644 1794 696 1865 ad
724 1793 855 1884 fruges
882 1793 1034 1865 recolli·
1153 1845 1154 1864 r

199 1892 349 1981 gendas
372 1913 443 1982 per
466 1913 509 1966 se
526 1901 774 1984 occupentur,
797 1913 877 1966 non
891 1894 1034 1983 contri-

199 2000 358 2082 stentur,
384 1995 478 2084 quia
500 2001 592 2067 tunc
610 2015 703 2067 vere
726 1995 910 2067 monachi
933 2003 1033 2084 sunt,

200 2092 235 2163 si
249 2093 385 2165 labore
401 2115 587 2167 manuum
602 2117 761 2170 suarum
776 2096 915 2169 vivunt
932 2097 1034 2168 sicut
1153 2137 1154 2168 1

200 2191 399 2293 etPatres
430 2195 556 2267 nostri
587 2203 625 2266 et
651 2196 848 2286 Apostoli.
894 2196 1034 2268 Omnia
1153 2203 1154 2206 ‘

197 2300 328 2364 tamen
355 2302 577 2368 mensurate
604 2297 698 2367 fiant
727 2303 890 2385 propter
911 2297 1033 2387 pusil-

196 2393 372 2466 ianimes.

87 2519 190 2560 renus.
286 2494 324 2565 A
340 2509 524 2561 amnuors
551 2504 680 2568 autem
703 2496 939 2570 Octobribus
968 2519 1032 2571 us·
1153 2503 1154 2586 J

94 2571 127 2662 {31
135 2569 186 2665 33¹6.
200 2614 275 2684 que
315 2604 433 2685 caput
471 2595 791 2686 Quadragesimae
829 2619 954 2688 usque
990 2600 1032 2670 in
1153 2653 1154 2656 κ

197 2693 335 2767 horam
357 2696 568 2769 secundam
595 2695 753 2789 plen'am
780 2699 942 2772 lectioni
963 2722 1031 2774 va·
1153 2739 1154 2742 ¹

198 2801 301 2885 cent;
331 2795 431 2870 hora
459 2800 634 2872 secunda
661 2807 799 2892 agatur
821 2801 964 2892 Tertia,
992 2810 1032 2874 et
1153 2849 1154 2912 ᾗ
