2356 3564
397 161 635 316 -1337-

103 434 216 508 Oratio
243 455 304 524 pro
332 433 598 507 conservatione
621 432 702 505 Loci
734 438 767 504 et
791 431 934 520 Congre-

233 533 234 540 '
331 535 480 625 gationis
503 534 697 624 Religiosae.

185 682 353 753 Domine
376 681 473 753 Jesu
496 681 663 769 Christe,
688 681 755 771 qui
781 682 935 771 elegisti

101 783 229 856 locum
243 784 363 855 istum
387 783 438 855 ad
455 782 706 856 serviendum
726 783 801 855 tibi
824 789 861 854 et
885 782 935 854 ad

102 892 167 956 tua
182 892 382 975 praecepta
397 884 454 956 ibi
467 884 737 973 custodienda,
754 884 804 955 da
818 885 934 956 nobis

101 985 142 1054 in
164 985 240 1056 hoc
263 986 352 1058 loco
375 1005 513 1075 pacem
540 993 578 1056 et
601 986 767 1057 salntem
794 985 936 1056 mentis

103 1093 140 1159 et
155 1088 344 1178 corporis,
369 1085 621 1158 concordiam
640 1093 679 1157 et
690 1105 825 1158 veram
840 1086 936 1157 cari-

101 1195 230 1277 tatem,
261 1195 304 1259 ut
327 1188 468 1276 sobrii,
500 1187 714 1276 simplices,
745 1187 868 1277 quieti
891 1207 936 1258 ac

100 1289 304 1361 unanimes
328 1297 527 1381 praecepta
554 1297 622 1360 tua
650 1289 936 1361 custodiamus:

102 1390 314 1463 concordet
328 1390 412 1462 vita
436 1409 523 1462 cum
546 1390 715 1478 nomine,
738 1388 936 1479 professio

103 1500 279 1565 servetur
311 1492 351 1563 in
385 1512 512 1581 opere.
557 1491 637 1562 Fac
667 1498 839 1562 rectores
869 1509 937 1562 no·

103 1600 206 1664 stros
239 1592 454 1663 secundum
484 1592 726 1665 voluntatem
759 1597 867 1662 tuam
900 1599 938 1662 et

101 1693 376 1766 necessitatem
391 1700 575 1781 nostram,
602 1700 645 1765 ut
666 1700 704 1763 te
720 1693 883 1764 timeant
902 1699 939 1761 et

102 1802 169 1866 tna
193 1801 329 1865 sancta
351 1801 552 1884 praecepta
567 1792 791 1866 custodiant
812 1799 849 1865 et
864 1811 938 1862 nos

102 1914 198 1967 vera
220 1893 381 1965 caritate
403 1895 570 1983 diligant
593 1902 631 1964 et
648 1892 828 1982 dirigant.
865 1890 939 1963 Cu·

104 1995 220 2083 stedi,
243 1994 427 2084 Domine,
454 1995 586 2066 locum
613 1993 731 2063 istum
759 1992 809 2062 ab
834 1992 940 2063 omni

103 2097 217 2185 gravi
238 2103 401 2185 peccato
423 2103 462 2167 et
481 2093 669 2167 scandalo
692 2101 729 2164 et
750 2093 800 2164 ab
818 2092 940 2165 omni-

102 2199 179 2269 bus
208 2197 366 2268 insidiis
396 2204 436 2268 et
465 2195 828 2286 perturbationibus
859 2193 939 2264 dia·

103 2297 197 2369 boli.
243 2297 304 2369 Tu
325 2297 509 2386 Domine,
537 2297 605 2388 qui
633 2297 750 2367 istam
780 2311 939 2382 congre·

103 2397 303 2487 gationem
343 2397 395 2468 ad
429 2397 727 2487 glorificandum
763 2401 941 2466 sanetum

102 2520 248 2572 nomen
268 2507 378 2571 tuum
400 2499 441 2571 in
462 2499 540 2571 hoc
562 2499 652 2570 loco
678 2496 851 2574 adunare
872 2514 940 2566 vo·

102 2601 225 2689 luisti,
242 2600 423 2672 danobis
436 2608 614 2672 sanctum
625 2596 821 2687 Angelum
832 2602 940 2666 tunm

105 2701 156 2774 de
180 2702 290 2789 caelo,
318 2702 386 2792 qui
415 2722 489 2774 nos
518 2707 711 2792 protegat,
739 2697 874 2770 visitet
903 2703 942 2768 et

105 2800 310 2891 defendat,
349 2823 397 2873 ne
434 2801 630 2892 patiamur
669 2798 941 2870 detrimentum

105 2901 324 2972 animarum
344 2911 575 2975 nostrarum.
616 2899 828 2992 ODomine
844 2896 869 2967 J
871 2917 941 2968 esu
