2366 3556
439 201 657 275 -5f-

131 380 274 468 psalmi
297 381 536 470 incipiantur
558 401 581 450 a
602 378 817 451 vcentesimo
843 373 963 463 nono;

129 501 254 570 usque
312 480 565 554 centesimum
621 478 965 569 quadragesimum

131 581 340 670 septimum
360 582 536 671 exceptis
553 581 617 653 his
642 581 710 671 qui
732 581 773 651 in
794 578 963 651 diversis

130 683 240 754 horis
275 704 324 754 ex
356 683 413 754 eis
446 692 740 773 sequestrantur
770 681 823 768 (id
853 689 963 752 esta

131 785 344 856 centesimo
369 785 538 875 septimo
558 785 857 874 decimousque
879 803 964 854 cen·
1052 837 1054 844 ,

130 886 312 957 tesimum
327 887 562 975 vigesimum
585 887 793 976 septimum
817 891 856 956 et
879 904 963 954 cen-

130 987 270 1058 tesimo
302 987 505 1076 trigesimo
534 988 650 1059 tertio
683 996 721 1058 et
751 985 963 1058 centesimo

132 1087 434 1180 quadragesimo
452 1087 649 1176 seeundo),
670 1087 813 1177 reliqui
829 1106 965 1157 omnes

131 1187 172 1257 in
190 1188 368 1277 Vespera
392 1188 551 1260 dicendi
567 1197 666 1260 sunt.
705 1189 755 1261 Et
778 1188 871 1278 quia
896 1187 964 1256 mi-

39 1289 41 1293 ’
129 1309 203 1360 nus
238 1290 401 1361 veniunt
433 1298 513 1362 tres
545 1291 703 1380 psalmi,
739 1288 829 1360 ideo
866 1288 964 1360 divi·

130 1388 249 1462 dendi
266 1399 356 1463 sunt
372 1391 440 1481 qui
452 1413 502 1466 ex
516 1413 678 1464 numero
695 1389 963 1481 suprascripto

129 1489 312 1563 fortiores
344 1492 610 1582 inveniuntur,
643 1493 685 1564 id
714 1501 773 1564 est
801 1492 963 1563 centesi-

129 1611 215 1662 mus
234 1594 459 1682 trigesimus
481 1603 645 1692 octavus
670 1601 708 1666 et
728 1593 963 1664 centesimus

129 1693 455 1783 quadragesimus
488 1697 625 1768 tertius
659 1704 696 1768 et
727 1695 962 1768 centesimus

129 1794 455 1886 quadragesimus
502 1806 681 1887 quartus;
728 1797 962 1869 'centesimus

127 1916 223 1967 vero
249 1903 384 1968 sextus
401 1898 586 1988 decimus,
611 1900 704 1989 quia
727 1918 875 1989 parvus
892 1906 962 1984 est,

127 2015 216 2066 cum
239 1998 452 2070 centesimo
476 2001 612 2091 quinto
634 2000 786 2072 decimo
804 1999 962 2070 coniun-

127 2103 250 2186 gatur.
268 2137 310 2145 —
325 2098 489 2188 Digesto
514 2121 608 2191 ergo
633 2100 769 2172 ordine
792 2101 961 2189 psalmo·

126 2220 213 2270 rum
232 2200 546 2288 vespertinorum
562 2203 725 2292 reliqua,
748 2203 866 2275 idest
886 2203 961 2275 lec·

125 2301 198 2390 tio,
232 2322 481 2392 responsum,
515 2304 701 2395 hymnus,
729 2326 868 2377 versus
897 2306 962 2378 vel

127 2402 321 2474 canticum
354 2404 456 2476 sicut
488 2427 608 2498 supra
639 2407 861 2478 taxavimus
893 2407 960 2477 im-

125 2504 289 2592 pleatur.
707 2537 710 2544 ¹

212 2606 274 2676 Ao
292 2623 580 2676 couenusomou
632 2630 727 2680 vero
782 2609 959 2699 quotidie

124 2704 245 2777 iidem
267 2708 411 2796 psalmi
433 2717 673 2800 repetantur,
700 2710 742 2780 id
766 2719 825 2781 est
847 2731 959 2800 quar-

124 2814 197 2896 tuS,
221 2810 500 2899 nonagesimus
525 2818 562 2882 et
586 2810 820 2881 centesimus
844 2811 959 2900 trige-

126 2906 247 2979 simus
270 2910 418 2982 tertius,

821 3033 854 3092 4*
