2366 3556
510 183 727 252 ...14-

202 355 435 442 gitationum
471 356 555 427 Deo
603 357 816 429 auxiliante
860 379 1035 448 pugnare

203 456 410 529 sufficiunt.

100 552 196 648 13³3,
290 556 465 627 Tnnrrun
483 578 578 630 vero
592 562 874 633 monachorum
889 562 1036 633 teterri-

31 669 33 674 ’
100 661 120 700 ⁹·
136 661 191 710 ”vt
202 676 308 727 mum
321 666 522 745 genus'est
535 658 827 733 sarabaitarum
842 661 910 751 qui
928 664 1036 734 nulla
1136 679 1139 686 ’

202 757 337 846 regula
380 758 590 848 approbati
634 762 877 852 experientia
915 763 1035 853 magi-

202 865 282 929 stra
303 859 405 932 sicut
420 881 557 933 aurum
570 862 753 952 fornacis,
770 863 841 942 sed
857 863 899 934 in
912 863 1036 954 plum·

200 961 243 1032 bi
265 969 404 1033 natura
427 963 568 1036 molliti
592 964 721 1036 adhuc
745 964 933 1055 operibus
958 985 1036 1036 ser·

200 1070 338 1134 vantes
363 1065 510 1136 saeculo
539 1065 657 1138 fidem
678 1066 835 1138 mentiri
856 1062 941 1136 Deo
966 1087 1038 1156 per

200 1170 402 1236 tonsuram
415 1176 639 1239 noscuntur.
663 1168 739 1252 Qui
753 1167 838 1239 bini
854 1175 921 1238 aut
936 1169 1037 1238 terni

202 1274 268 1335 aut
285 1273 387 1337 certe
411 1266 557 1356 singuli
580 1268 665 1339 sine
686 1276 845 1358 pastore
868 1287 948 1337 non
969 1266 1035 1337 do-

202 1365 357 1437 minicis
373 1367 445 1438 sed
459 1367 541 1438 suis
558 1368 701 1439 inclusi
718 1367 890 1439 ovilibus
904 1406 948 1414 —
962 1386 1035 1456 pro

201 1466 288 1556 lege
304 1467 361 1538 eis
372 1475 431 1538 est
442 1468 727 1541 desideriorum
736 1469 932 1558 voluptas
949 1487 1037 1538 oum

204 1566 398 1656 quidquid
421 1570 645 1658 putaverint
658 1570 723 1640 vel
736 1568 936 1659 elegerint,
958 1567 1036 1639 hoc

203 1667 338 1740 dicunt
353 1677 540 1759 sanctum,
557 1679 595 1743 et
609 1671 717 1761 quod
732 1663 938 1759 noluerint,
962 1669 1038 1740 hoc

202 1775 341 1857 putant
363 1789 442 1840 non
465 1769 593 1842 licere.

290 1869 477 1953 Qurnnuu
503 1891 598 1943 vero
615 1891 738 1961 genus
754 1879 814 1944 est
828 1871 1038 1942 monacho·

202 1991 288 2041 rum
313 1971 420 2061 quod
442 1973 665 2045 nominatur
680 1972 945 2065 Gyrovagum‚
970 1973 1038 2062 qui

202 2077 286 2142 tota
309 2071 392 2142 vita
416 2093 488 2144 sua
510 2092 582 2164 per
606 2074 785 2147 diversas
810 2074 1037 2165 provincias

203 2172 324 2242 ternis
346 2180 413 2245 aut
436 2173 636 2262 quaternis
661 2173 801 2276 diebus
823 2195 896 2265 per
911 2174 1037 2245 diver-

204 2291 337 2343 sorum
359 2273 480 2345 cellas
503 2271 757 2365 hospitantur'
769 2295 923 2365 semper
945 2272 1038 2361 vagi

203 2381 242 2445 et
268 2394 480 2464 numquam
511 2376 675 2448 stabiles
707 2383 744 2446 et
775 2374 947 2466 propriis
970 2394 1037 2446 vo·

203 2475 419 2548 luntatibus
448 2483 486 2548 et
513 2477 616 2566 gulae
643 2475 839 2548 illecebris
868 2474 1038 2548 servien-

204 2584 264 2648 tes
292 2584 332 2648 et
359 2597 431 2667 per
460 2579 591 2649 omnia
621 2574 836 2651 deteriores
859 2575 1038 2648 Sarabai-

204 2676 266 2747 tis
311 2675 370 2750 De
401 2697 568 2767 quorum
597 2677 771 2752 omnium
801 2678 942 2750 horum
970 2678 1038 2747 rni-

204 2775 368 2848 serrlma
398 2779 695 2852 conversatione
724 2780 864 2852 melius
895 2785 954 2849 est
989 2779 1038 2848 si·

204 2878 285 2949 lere
309 2898 427 2968 quam
446 2880 567 2970 loqui.
