<?xml version="1.0" encoding="UTF-8"?>
<!DOCTYPE html PUBLIC "-//W3C//DTD XHTML 1.0 Transitional//EN"
    "http://www.w3.org/TR/xhtml1/DTD/xhtml1-transitional.dtd">
<html xmlns="http://www.w3.org/1999/xhtml" xml:lang="en" lang="en">
 <head>
  <title>
</title>
<meta http-equiv="Content-Type" content="text/html;charset=utf-8" />
  <meta name='ocr-system' content='tesseract 3.04.00' />
  <meta name='ocr-capabilities' content='ocr_page ocr_carea ocr_par ocr_line ocrx_word'/>
</head>
<body>
  <div class='ocr_page' id='page_1' title='image "./regluasanctipat00benegoog_0110.png"; bbox 0 0 2356 3564; ppageno 0'>
   <div class='ocr_carea' id='block_1_1' title="bbox 430 191 655 264">
    <p class='ocr_par' dir='ltr' id='par_1_1' title="bbox 430 191 655 264">
     <span class='ocr_line' id='line_1_1' title="bbox 430 191 655 264; baseline -0.009 -20"><span class='ocrx_word' id='word_1_1' title='bbox 430 191 655 264; x_wconf 75' lang='grc'>..89-</span> 
     </span>
    </p>
   </div>
   <div class='ocr_carea' id='block_1_2' title="bbox 123 363 1062 1966">
    <p class='ocr_par' dir='ltr' id='par_1_2' title="bbox 125 363 962 857">
     <span class='ocr_line' id='line_1_2' title="bbox 212 363 961 457; baseline 0.001 -23"><span class='ocrx_word' id='word_1_2' title='bbox 212 363 435 455; x_wconf 85' lang='lat' dir='ltr'><strong>Pauperum</strong></span> <span class='ocrx_word' id='word_1_3' title='bbox 457 374 496 439; x_wconf 89' lang='lat' dir='ltr'><strong>et</strong></span> <span class='ocrx_word' id='word_1_4' title='bbox 517 364 814 457; x_wconf 85' lang='lat' dir='ltr'><strong>peregrinorum</strong></span> <span class='ocrx_word' id='word_1_5' title='bbox 837 365 961 436; x_wconf 89' lang='lat' dir='ltr'><strong>maxi-</strong></span> 
     </span>
     <span class='ocr_line' id='line_1_3' title="bbox 125 466 962 556; baseline 0.005 -22"><span class='ocrx_word' id='word_1_6' title='bbox 125 483 186 535; x_wconf 87' lang='lat' dir='ltr'><strong>me</strong></span> <span class='ocrx_word' id='word_1_7' title='bbox 209 466 452 556; x_wconf 85' lang='lat' dir='ltr'><strong>susceptioni</strong></span> <span class='ocrx_word' id='word_1_8' title='bbox 476 486 568 538; x_wconf 88' lang='lat' dir='ltr'><strong>cura</strong></span> <span class='ocrx_word' id='word_1_9' title='bbox 590 467 758 539; x_wconf 87' lang='lat' dir='ltr'>sollicite</span> <span class='ocrx_word' id='word_1_10' title='bbox 781 466 962 538; x_wconf 88' lang='lat' dir='ltr'><strong>exhibea·</strong></span> 
     </span>
     <span class='ocr_line' id='line_1_4' title="bbox 125 567 961 658; baseline 0 -21"><span class='ocrx_word' id='word_1_11' title='bbox 125 572 196 654; x_wconf 91' lang='lat' dir='ltr'><strong>tur,</strong></span> <span class='ocrx_word' id='word_1_12' title='bbox 217 568 311 657; x_wconf 90' lang='lat' dir='ltr'><strong>quia</strong></span> <span class='ocrx_word' id='word_1_13' title='bbox 326 568 367 639; x_wconf 97' lang='lat' dir='ltr'><strong>in</strong></span> <span class='ocrx_word' id='word_1_14' title='bbox 382 569 482 658; x_wconf 89' lang='lat' dir='ltr'><strong>ipsis</strong></span> <span class='ocrx_word' id='word_1_15' title='bbox 498 567 823 658; x_wconf 84' lang='lat' dir='ltr'><strong>magisChristus</strong></span> <span class='ocrx_word' id='word_1_16' title='bbox 840 567 961 639; x_wconf 89' lang='lat' dir='ltr'><strong>susci·</strong></span> 
     </span>
     <span class='ocr_line' id='line_1_5' title="bbox 125 667 962 760; baseline 0.001 -23"><span class='ocrx_word' id='word_1_17' title='bbox 125 667 248 757; x_wconf 88' lang='lat' dir='ltr'><strong>pitur;</strong></span> <span class='ocrx_word' id='word_1_18' title='bbox 279 690 371 742; x_wconf 92' lang='lat' dir='ltr'><strong>nam</strong></span> <span class='ocrx_word' id='word_1_19' title='bbox 407 670 574 743; x_wconf 88' lang='lat' dir='ltr'><strong>divitum</strong></span> <span class='ocrx_word' id='word_1_20' title='bbox 608 677 733 742; x_wconf 90' lang='lat' dir='ltr'><strong>terror</strong></span> <span class='ocrx_word' id='word_1_21' title='bbox 764 670 850 760; x_wconf 89' lang='lat' dir='ltr'><strong>ipse</strong></span> <span class='ocrx_word' id='word_1_22' title='bbox 884 668 962 740; x_wconf 87' lang='lat' dir='ltr'>sibi</span> 
     </span>
     <span class='ocr_line' id='line_1_6' title="bbox 126 767 472 857; baseline 0.012 -19"><span class='ocrx_word' id='word_1_23' title='bbox 126 767 249 857; x_wconf 85' lang='lat' dir='ltr'><strong>exigit</strong></span> <span class='ocrx_word' id='word_1_24' title='bbox 271 770 472 849; x_wconf 87' lang='lat' dir='ltr'><strong>honorem.</strong></span> 
     </span>
    </p>

    <p class='ocr_par' dir='ltr' id='par_1_3' title="bbox 123 866 1062 1966">
     <span class='ocr_line' id='line_1_7' title="bbox 213 866 1062 975; baseline -0.001 -35"><span class='ocrx_word' id='word_1_25' title='bbox 213 866 383 946; x_wconf 76' lang='lat' dir='ltr'><strong>Coounm</strong></span> <span class='ocrx_word' id='word_1_26' title='bbox 394 870 563 942; x_wconf 88' lang='lat' dir='ltr'><strong>Abbatis</strong></span> <span class='ocrx_word' id='word_1_27' title='bbox 577 877 615 941; x_wconf 91' lang='lat' dir='ltr'><strong>et</strong></span> <span class='ocrx_word' id='word_1_28' title='bbox 626 869 826 958; x_wconf 91' lang='lat' dir='ltr'><strong>hospitum</strong></span> <span class='ocrx_word' id='word_1_29' title='bbox 842 889 961 959; x_wconf 89' lang='lat' dir='ltr'><strong>super</strong></span> <span class='ocrx_word' id='word_1_30' title='bbox 976 873 1000 964; x_wconf 68' lang='lat'><strong>⁵⁵:</strong></span> <span class='ocrx_word' id='word_1_31' title='bbox 1013 881 1062 975; x_wconf 56' lang='lat'><strong>2323</strong></span> 
     </span>
     <span class='ocr_line' id='line_1_8' title="bbox 126 968 1059 1059; baseline 0.004 -23"><span class='ocrx_word' id='word_1_32' title='bbox 126 986 168 1038; x_wconf 90' lang='lat' dir='ltr'><strong>se</strong></span> <span class='ocrx_word' id='word_1_33' title='bbox 192 968 254 1058; x_wconf 87' lang='lat' dir='ltr'><strong>sit,</strong></span> <span class='ocrx_word' id='word_1_34' title='bbox 278 977 320 1041; x_wconf 93' lang='lat' dir='ltr'><strong>ut</strong></span> <span class='ocrx_word' id='word_1_35' title='bbox 335 970 495 1042; x_wconf 87' lang='lat' dir='ltr'><strong>incertis</strong></span> <span class='ocrx_word' id='word_1_36' title='bbox 511 969 620 1041; x_wconf 88' lang='lat' dir='ltr'><strong>horis</strong></span> <span class='ocrx_word' id='word_1_37' title='bbox 638 969 958 1059; x_wconf 86' lang='lat' dir='ltr'><strong>supervenientes</strong></span> <span class='ocrx_word' id='word_1_38' title='bbox 982 974 1059 1017; x_wconf 51' lang='lat' dir='ltr'><strong>⁵³¹0ss-</strong></span> 
     </span>
     <span class='ocr_line' id='line_1_9' title="bbox 124 1068 960 1159; baseline 0.002 -21"><span class='ocrx_word' id='word_1_39' title='bbox 124 1068 314 1159; x_wconf 83' lang='lat' dir='ltr'><strong>hospites,</strong></span> <span class='ocrx_word' id='word_1_40' title='bbox 339 1071 407 1159; x_wconf 93' lang='lat' dir='ltr'><strong>qui</strong></span> <span class='ocrx_word' id='word_1_41' title='bbox 429 1088 641 1159; x_wconf 86' lang='lat' dir='ltr'><strong>numquam</strong></span> <span class='ocrx_word' id='word_1_42' title='bbox 664 1069 806 1141; x_wconf 90' lang='lat' dir='ltr'><strong>desunt</strong></span> <span class='ocrx_word' id='word_1_43' title='bbox 828 1090 960 1141; x_wconf 92' lang='lat' dir='ltr'><strong>mona·</strong></span> 
     </span>
     <span class='ocr_line' id='line_1_10' title="bbox 125 1169 962 1263; baseline 0 -23"><span class='ocrx_word' id='word_1_44' title='bbox 125 1169 262 1260; x_wconf 88' lang='lat' dir='ltr'><strong>sterio,</strong></span> <span class='ocrx_word' id='word_1_45' title='bbox 285 1190 365 1242; x_wconf 91' lang='lat' dir='ltr'><strong>non</strong></span> <span class='ocrx_word' id='word_1_46' title='bbox 389 1171 655 1260; x_wconf 87' lang='lat' dir='ltr'><strong>inquietentur</strong></span> <span class='ocrx_word' id='word_1_47' title='bbox 677 1170 827 1263; x_wconf 76' lang='lat' dir='ltr'><strong>fratres,</strong></span> <span class='ocrx_word' id='word_1_48' title='bbox 851 1209 894 1218; x_wconf 88' lang='lat'>-</span> <span class='ocrx_word' id='word_1_49' title='bbox 915 1169 962 1240; x_wconf 93' lang='lat' dir='ltr'><strong>In</strong></span> 
     </span>
     <span class='ocr_line' id='line_1_11' title="bbox 125 1269 960 1362; baseline -0.002 -20"><span class='ocrx_word' id='word_1_50' title='bbox 125 1291 242 1360; x_wconf 90' lang='lat' dir='ltr'><strong>quam</strong></span> <span class='ocrx_word' id='word_1_51' title='bbox 265 1272 475 1362; x_wconf 88' lang='lat' dir='ltr'><strong>coquinam</strong></span> <span class='ocrx_word' id='word_1_52' title='bbox 498 1271 550 1342; x_wconf 88' lang='lat' dir='ltr'><strong>ad</strong></span> <span class='ocrx_word' id='word_1_53' title='bbox 573 1292 717 1343; x_wconf 93' lang='lat' dir='ltr'><strong>annum</strong></span> <span class='ocrx_word' id='word_1_54' title='bbox 739 1269 960 1360; x_wconf 88' lang='lat' dir='ltr'><strong>ingredian-</strong></span> 
     </span>
     <span class='ocr_line' id='line_1_12' title="bbox 123 1371 959 1462; baseline 0.001 -21"><span class='ocrx_word' id='word_1_55' title='bbox 123 1377 187 1441; x_wconf 88' lang='lat' dir='ltr'><strong>tur</strong></span> <span class='ocrx_word' id='word_1_56' title='bbox 201 1371 279 1442; x_wconf 91' lang='lat' dir='ltr'><strong>duo</strong></span> <span class='ocrx_word' id='word_1_57' title='bbox 296 1371 436 1444; x_wconf 84' lang='lat' dir='ltr'><strong>fratres</strong></span> <span class='ocrx_word' id='word_1_58' title='bbox 452 1371 520 1462; x_wconf 91' lang='lat' dir='ltr'><strong>qui</strong></span> <span class='ocrx_word' id='word_1_59' title='bbox 537 1371 656 1462; x_wconf 89' lang='lat' dir='ltr'><strong>ipsud</strong></span> <span class='ocrx_word' id='word_1_60' title='bbox 675 1371 847 1444; x_wconf 88' lang='lat' dir='ltr'><strong>officium</strong></span> <span class='ocrx_word' id='word_1_61' title='bbox 860 1372 959 1443; x_wconf 91' lang='lat' dir='ltr'><strong>bene</strong></span> 
     </span>
     <span class='ocr_line' id='line_1_13' title="bbox 124 1471 960 1564; baseline 0.004 -24"><span class='ocrx_word' id='word_1_62' title='bbox 124 1471 322 1561; x_wconf 88' lang='lat' dir='ltr'><strong>impleant.</strong></span> <span class='ocrx_word' id='word_1_63' title='bbox 368 1471 518 1557; x_wconf 91' lang='lat' dir='ltr'><strong>Quibus</strong></span> <span class='ocrx_word' id='word_1_64' title='bbox 549 1480 592 1546; x_wconf 94' lang='lat' dir='ltr'><strong>ut</strong></span> <span class='ocrx_word' id='word_1_65' title='bbox 615 1472 793 1564; x_wconf 85' lang='lat' dir='ltr'><strong>indigent</strong></span> <span class='ocrx_word' id='word_1_66' title='bbox 817 1473 960 1545; x_wconf 88' lang='lat' dir='ltr'><strong>solatia</strong></span> 
     </span>
     <span class='ocr_line' id='line_1_14' title="bbox 125 1566 961 1665; baseline 0.006 -24"><span class='ocrx_word' id='word_1_67' title='bbox 125 1571 460 1662; x_wconf 83' lang='lat' dir='ltr'><strong>administrentur,</strong></span> <span class='ocrx_word' id='word_1_68' title='bbox 492 1579 536 1645; x_wconf 94' lang='lat' dir='ltr'><strong>ut</strong></span> <span class='ocrx_word' id='word_1_69' title='bbox 567 1575 717 1665; x_wconf 89' lang='lat' dir='ltr'><strong>absque</strong></span> <span class='ocrx_word' id='word_1_70' title='bbox 749 1566 961 1646; x_wconf 88' lang='lat' dir='ltr'><strong>murmura·</strong></span> 
     </span>
     <span class='ocr_line' id='line_1_15' title="bbox 123 1672 961 1765; baseline 0.004 -22"><span class='ocrx_word' id='word_1_71' title='bbox 123 1672 230 1746; x_wconf 87' lang='lat' dir='ltr'><strong>tione</strong></span> <span class='ocrx_word' id='word_1_72' title='bbox 255 1674 455 1765; x_wconf 83' lang='lat' dir='ltr'><strong>serviant3.</strong></span> <span class='ocrx_word' id='word_1_73' title='bbox 472 1682 510 1748; x_wconf 84' lang='lat' dir='ltr'><strong>et</strong></span> <span class='ocrx_word' id='word_1_74' title='bbox 530 1676 684 1762; x_wconf 90' lang='lat' dir='ltr'><strong>iterum,</strong></span> <span class='ocrx_word' id='word_1_75' title='bbox 714 1675 873 1765; x_wconf 89' lang='lat' dir='ltr'><strong>quando</strong></span> <span class='ocrx_word' id='word_1_76' title='bbox 898 1695 961 1747; x_wconf 89' lang='lat' dir='ltr'><strong>oc·</strong></span> 
     </span>
     <span class='ocr_line' id='line_1_16' title="bbox 124 1774 961 1865; baseline 0.005 -21"><span class='ocrx_word' id='word_1_77' title='bbox 124 1774 373 1864; x_wconf 90' lang='lat' dir='ltr'><strong>cupationem</strong></span> <span class='ocrx_word' id='word_1_78' title='bbox 404 1775 594 1848; x_wconf 91' lang='lat' dir='ltr'><strong>minorem</strong></span> <span class='ocrx_word' id='word_1_79' title='bbox 625 1777 788 1865; x_wconf 88' lang='lat' dir='ltr'><strong>habent,</strong></span> <span class='ocrx_word' id='word_1_80' title='bbox 820 1783 961 1848; x_wconf 87' lang='lat' dir='ltr'><strong>exeant</strong></span> 
     </span>
     <span class='ocr_line' id='line_1_17' title="bbox 124 1875 961 1966; baseline 0.001 -21"><span class='ocrx_word' id='word_1_81' title='bbox 124 1875 193 1945; x_wconf 93' lang='lat' dir='ltr'><strong>ubi</strong></span> <span class='ocrx_word' id='word_1_82' title='bbox 222 1876 279 1947; x_wconf 88' lang='lat' dir='ltr'><strong>eis</strong></span> <span class='ocrx_word' id='word_1_83' title='bbox 303 1876 518 1964; x_wconf 88' lang='lat' dir='ltr'><strong>imperatur</strong></span> <span class='ocrx_word' id='word_1_84' title='bbox 545 1876 586 1947; x_wconf 94' lang='lat' dir='ltr'><strong>in</strong></span> <span class='ocrx_word' id='word_1_85' title='bbox 617 1896 747 1966; x_wconf 90' lang='lat' dir='ltr'><strong>opera.</strong></span> <span class='ocrx_word' id='word_1_86' title='bbox 792 1875 854 1964; x_wconf 80' lang='lat' dir='ltr'><strong>(Et</strong></span> <span class='ocrx_word' id='word_1_87' title='bbox 881 1896 961 1947; x_wconf 88' lang='lat' dir='ltr'><strong>non</strong></span> 
     </span>
    </p>
   </div>
   <div class='ocr_carea' id='block_1_3' title="bbox 8 1974 960 2066">
    <p class='ocr_par' dir='ltr' id='par_1_4' title="bbox 8 1974 960 2066">
     <span class='ocr_line' id='line_1_18' title="bbox 8 1974 960 2066; baseline 0.008 -26"><span class='ocrx_word' id='word_1_88' title='bbox 8 2033 10 2040; x_wconf 83' lang='grc'>.</span> <span class='ocrx_word' id='word_1_89' title='bbox 125 1975 253 2047; x_wconf 88' lang='lat' dir='ltr'><strong>solum</strong></span> <span class='ocrx_word' id='word_1_90' title='bbox 273 1976 384 2066; x_wconf 89' lang='lat' dir='ltr'><strong>ipsis,</strong></span> <span class='ocrx_word' id='word_1_91' title='bbox 410 1977 481 2048; x_wconf 90' lang='lat' dir='ltr'><strong>sed</strong></span> <span class='ocrx_word' id='word_1_92' title='bbox 503 1985 541 2049; x_wconf 84' lang='lat' dir='ltr'><strong>et</strong></span> <span class='ocrx_word' id='word_1_93' title='bbox 561 1977 602 2047; x_wconf 92' lang='lat' dir='ltr'><strong>in</strong></span> <span class='ocrx_word' id='word_1_94' title='bbox 621 1977 802 2048; x_wconf 91' lang='lat' dir='ltr'><strong>omnibus</strong></span> <span class='ocrx_word' id='word_1_95' title='bbox 818 1974 960 2048; x_wconf 87' lang='lat' dir='ltr'><strong>officiis</strong></span> 
     </span>
    </p>
   </div>
   <div class='ocr_carea' id='block_1_4' title="bbox 123 2076 961 2959">
    <p class='ocr_par' dir='ltr' id='par_1_5' title="bbox 123 2076 961 2959">
     <span class='ocr_line' id='line_1_19' title="bbox 123 2076 961 2166; baseline 0.004 -21"><span class='ocrx_word' id='word_1_96' title='bbox 123 2076 353 2148; x_wconf 90' lang='lat' dir='ltr'><strong>monasterii</strong></span> <span class='ocrx_word' id='word_1_97' title='bbox 392 2077 469 2149; x_wconf 88' lang='lat' dir='ltr'><strong>ista</strong></span> <span class='ocrx_word' id='word_1_98' title='bbox 506 2078 558 2150; x_wconf 92' lang='lat' dir='ltr'><strong>sit</strong></span> <span class='ocrx_word' id='word_1_99' title='bbox 596 2076 880 2166; x_wconf 86' lang='lat' dir='ltr'><strong>consideratio,</strong></span> <span class='ocrx_word' id='word_1_100' title='bbox 918 2084 961 2149; x_wconf 90' lang='lat' dir='ltr'><strong>ut</strong></span> 
     </span>
     <span class='ocr_line' id='line_1_20' title="bbox 124 2177 960 2268; baseline -0.001 -19"><span class='ocrx_word' id='word_1_101' title='bbox 124 2177 284 2267; x_wconf 90' lang='lat' dir='ltr'><strong>quando</strong></span> <span class='ocrx_word' id='word_1_102' title='bbox 306 2177 484 2268; x_wconf 82' lang='lat' dir='ltr'><strong>indigent</strong></span> <span class='ocrx_word' id='word_1_103' title='bbox 507 2177 651 2250; x_wconf 89' lang='lat' dir='ltr'><strong>solatia</strong></span> <span class='ocrx_word' id='word_1_104' title='bbox 666 2177 960 2250; x_wconf 89' lang='lat' dir='ltr'><strong>accommoden-</strong></span> 
     </span>
     <span class='ocr_line' id='line_1_21' title="bbox 123 2277 960 2370; baseline 0.001 -20"><span class='ocrx_word' id='word_1_105' title='bbox 123 2285 187 2350; x_wconf 91' lang='lat' dir='ltr'><strong>tur</strong></span> <span class='ocrx_word' id='word_1_106' title='bbox 211 2277 279 2368; x_wconf 89' lang='lat' dir='ltr'><strong>eis,</strong></span> <span class='ocrx_word' id='word_1_107' title='bbox 304 2286 344 2350; x_wconf 89' lang='lat' dir='ltr'><strong>et</strong></span> <span class='ocrx_word' id='word_1_108' title='bbox 361 2278 501 2351; x_wconf 84' lang='lat' dir='ltr'><strong>iterum</strong></span> <span class='ocrx_word' id='word_1_109' title='bbox 524 2280 681 2370; x_wconf 92' lang='lat' dir='ltr'><strong>quando</strong></span> <span class='ocrx_word' id='word_1_110' title='bbox 701 2287 844 2353; x_wconf 87' lang='lat' dir='ltr'><strong>vacant</strong></span> <span class='ocrx_word' id='word_1_111' title='bbox 870 2280 960 2351; x_wconf 89' lang='lat' dir='ltr'><strong>obe·</strong></span> 
     </span>
     <span class='ocr_line' id='line_1_22' title="bbox 126 2379 959 2470; baseline 0.004 -21"><span class='ocrx_word' id='word_1_112' title='bbox 126 2379 236 2451; x_wconf 92' lang='lat' dir='ltr'><strong>diant</strong></span> <span class='ocrx_word' id='word_1_113' title='bbox 273 2379 500 2470; x_wconf 87' lang='lat' dir='ltr'><strong>imperatis.)</strong></span> <span class='ocrx_word' id='word_1_114' title='bbox 529 2421 574 2431; x_wconf 90' lang='lat'><strong>—-</strong></span> <span class='ocrx_word' id='word_1_115' title='bbox 607 2381 704 2454; x_wconf 89' lang='lat' dir='ltr'><strong>Item</strong></span> <span class='ocrx_word' id='word_1_116' title='bbox 743 2389 781 2454; x_wconf 91' lang='lat' dir='ltr'><strong>et</strong></span> <span class='ocrx_word' id='word_1_117' title='bbox 822 2382 959 2453; x_wconf 89' lang='lat' dir='ltr'><strong>cellam</strong></span> 
     </span>
     <span class='ocr_line' id='line_1_23' title="bbox 123 2480 961 2571; baseline 0.004 -22"><span class='ocrx_word' id='word_1_118' title='bbox 123 2480 325 2570; x_wconf 90' lang='lat' dir='ltr'><strong>hospitum</strong></span> <span class='ocrx_word' id='word_1_119' title='bbox 372 2481 517 2552; x_wconf 86' lang='lat' dir='ltr'><strong>habeat</strong></span> <span class='ocrx_word' id='word_1_120' title='bbox 562 2481 802 2571; x_wconf 87' lang='lat' dir='ltr'><strong>assignatam</strong></span> <span class='ocrx_word' id='word_1_121' title='bbox 841 2481 961 2554; x_wconf 83' lang='lat' dir='ltr'><strong>irater</strong></span> 
     </span>
     <span class='ocr_line' id='line_1_24' title="bbox 124 2584 960 2676; baseline -0.001 -20"><span class='ocrx_word' id='word_1_122' title='bbox 124 2586 236 2657; x_wconf 84' lang='lat' dir='ltr'><strong>cuius</strong></span> <span class='ocrx_word' id='word_1_123' title='bbox 254 2586 423 2657; x_wconf 89' lang='lat' dir='ltr'><strong>animam</strong></span> <span class='ocrx_word' id='word_1_124' title='bbox 446 2584 563 2657; x_wconf 92' lang='lat' dir='ltr'><strong>timor</strong></span> <span class='ocrx_word' id='word_1_125' title='bbox 580 2585 655 2657; x_wconf 89' lang='lat' dir='ltr'><strong>Dei</strong></span> <span class='ocrx_word' id='word_1_126' title='bbox 670 2585 867 2676; x_wconf 83' lang='lat' dir='ltr'><strong>possidet3</strong></span> <span class='ocrx_word' id='word_1_127' title='bbox 891 2585 960 2657; x_wconf 92' lang='lat' dir='ltr'><strong>ubi</strong></span> 
     </span>
     <span class='ocr_line' id='line_1_25' title="bbox 125 2684 959 2776; baseline 0.004 -21"><span class='ocrx_word' id='word_1_128' title='bbox 125 2685 203 2756; x_wconf 90' lang='lat' dir='ltr'><strong>sint</strong></span> <span class='ocrx_word' id='word_1_129' title='bbox 225 2684 317 2757; x_wconf 90' lang='lat' dir='ltr'><strong>lecti</strong></span> <span class='ocrx_word' id='word_1_130' title='bbox 341 2685 453 2758; x_wconf 90' lang='lat' dir='ltr'><strong>strati</strong></span> <span class='ocrx_word' id='word_1_131' title='bbox 478 2686 729 2776; x_wconf 84' lang='lat' dir='ltr'><strong>sufficienter,</strong></span> <span class='ocrx_word' id='word_1_132' title='bbox 759 2695 797 2758; x_wconf 89' lang='lat' dir='ltr'><strong>et</strong></span> <span class='ocrx_word' id='word_1_133' title='bbox 819 2687 959 2758; x_wconf 92' lang='lat' dir='ltr'><strong>domus</strong></span> 
     </span>
     <span class='ocr_line' id='line_1_26' title="bbox 123 2784 959 2878; baseline 0.001 -22"><span class='ocrx_word' id='word_1_134' title='bbox 123 2784 199 2858; x_wconf 84' lang='lat' dir='ltr'><strong>Dei</strong></span> <span class='ocrx_word' id='word_1_135' title='bbox 225 2808 249 2858; x_wconf 90' lang='lat' dir='ltr'><strong>a</strong></span> <span class='ocrx_word' id='word_1_136' title='bbox 279 2786 524 2876; x_wconf 89' lang='lat' dir='ltr'><strong>sapientibus</strong></span> <span class='ocrx_word' id='word_1_137' title='bbox 549 2794 587 2858; x_wconf 87' lang='lat' dir='ltr'><strong>et</strong></span> <span class='ocrx_word' id='word_1_138' title='bbox 616 2787 815 2878; x_wconf 89' lang='lat' dir='ltr'><strong>sapienter</strong></span> <span class='ocrx_word' id='word_1_139' title='bbox 839 2786 959 2858; x_wconf 89' lang='lat' dir='ltr'><strong>admi·</strong></span> 
     </span>
     <span class='ocr_line' id='line_1_27' title="bbox 123 2887 639 2959; baseline 0.016 -3"><span class='ocrx_word' id='word_1_140' title='bbox 123 2887 318 2959; x_wconf 88' lang='lat' dir='ltr'><strong>nistretur.</strong></span> <span class='ocrx_word' id='word_1_141' title='bbox 636 2911 639 2916; x_wconf 84' lang='lat'>·</span> 
     </span>
    </p>
   </div>
   <div class='ocr_carea' id='block_1_5' title="bbox 0 0 1182 3564">
    <p class='ocr_par' dir='ltr' id='par_1_6' title="bbox 0 0 1182 3564">
     <span class='ocr_line' id='line_1_28' title="bbox 0 0 1182 3564; baseline 0 0"><span class='ocrx_word' id='word_1_142' title='bbox 0 0 1182 3564; x_wconf 95' lang='lat' dir='ltr'><strong> </strong></span> 
     </span>
    </p>
   </div>
  </div>
 </body>
</html>
