2356 3564
413 227 654 300 ..135-

207 435 402 508 Benedictio
425 437 532 524 Aquae
555 436 588 509 S.
609 437 646 508 P.
670 435 853 511 Benedicti.

173 563 240 632 ulti,
259 568 290 617 ut
309 568 436 633 constat,
456 561 554 618 fideles
572 563 744 619 numismate
762 563 789 622 S.
809 565 841 620 P.
859 565 949 620 Bene-

191 646 260 701 dicti
279 646 392 714 signant
410 660 528 715 aquam,
554 659 644 716 eaque
663 647 766 722 deinde
785 650 815 702 in
833 647 950 702 infirmi-

114 729 222 784 tatibus
250 727 310 783 suis
335 728 491 785 salubriter
515 734 642 783 utuntur.
681 729 753 786 Cum
777 731 950 786 veronulla

114 811 238 866 formula
256 807 342 865 huius
360 809 404 866 rei
421 816 522 880 exstet,
540 809 648 878 placuit
666 811 819 870 formulam
837 811 951 868 benedi-

113 893 196 948 cendi
214 908 319 962 aquam
337 893 366 950 S.
384 894 488 964 ignatii
506 894 573 947 huic
592 894 657 948 usui
676 895 827 964 adaptare,
851 901 884 950 ut
902 895 951 952 Sa-

114 978 215 1032 cerdos
239 977 341 1031 maiori
360 991 425 1032 cum
444 977 542 1032 fructu
559 977 692 1032 fidelibus
711 993 816 1046 aquam
834 978 949 1033 benedi-

113 1074 179 1113 cere
197 1065 291 1127 queat.
893 1128 896 1134 Ι

112 1150 160 1244 ld.
185 1160 436 1233 Adiutorium
452 1169 630 1234 nostrum
644 1162 685 1240 in
701 1163 858 1234 nomine
872 1161 950 1235 Do-

185 1283 291 1334 mml.

112 1363 158 1454 D.
183 1363 258 1447 Qui
281 1365 374 1436 iecit
398 1366 541 1436 coelum
565 1372 603 1437 et
625 1373 778 1438 terram.

113 1465 161 1559 li.
185 1473 244 1546 Sit
265 1495 408 1548 nomen
431 1476 591 1548 Domini
613 1476 872 1551 benedictum.

112 1576 158 1662 D.
182 1575 242 1647 Ex
264 1575 342 1648 hoc
364 1597 467 1648 nunc
489 1585 527 1650 et
546 1579 729 1668 usquein
752 1577 949 1650 saeculum.

113 1673 161 1767 ll.
185 1684 352 1757 Domine
376 1686 522 1757 exaudi
545 1688 763 1760 orationem
787 1707 922 1757 meam.

113 1784 159 1874 ld.
183 1785 232 1856 Et
255 1786 402 1858 clamor
423 1807 533 1858 meus
558 1787 610 1858 ad
631 1796 670 1860 te
693 1787 835 1861 ueniat.

113 1883 161 1978 ll.
184 1894 377 1966 Dominus
400 1896 617 1968 vobiscum.
701 1957 703 1961 ,

113 1995 160 2083 D.
183 1993 233 2066 Et
256 2015 344 2066 cum
366 1996 508 2085 spiritu
530 2003 608 2068 tu0.
670 2009 673 2028 ²

441 2111 616 2186 Oremus.

199 2215 367 2288 Domine
390 2223 534 2305 sancte,
555 2217 672 2288 Pater
691 2216 953 2306 omnipotens

115 2321 259 2416 aeterne
290 2316 417 2404 Deus,
452 2316 520 2405 qui
553 2315 842 2388 benedictionis
868 2322 952 2386 tuae

113 2403 200 2507 grat
202 2417 280 2488 iam
298 2417 415 2507 aegris
440 2417 683 2490 infundendo
707 2416 951 2507 corporibus

112 2519 192 2590 fact
176 2524 304 2590 turam
331 2524 439 2589 tuam
468 2517 678 2608 multiplici
709 2517 855 2608 pietate
888 2537 951 2588 cu-

112 2618 251 2707 stodiS,
265 2618 340 2690 ad
328 2618 621 2690 1nvocat1onem
634 2617 760 2689 sancti
769 2616 951 2689 Nom1n1s

113 2721 171 2791 tui
197 2719 392 2809 benignus
425 2720 584 2807 assiste,
615 2725 658 2790 ut
688 2717 950 2792 intercedente

112 2821 230 2892 beato
254 2821 369 2893 Patre
393 2828 529 2893 nostro
550 2819 777 2909 Benedicm,
802 2819 952 2892 confes·

114 2940 204 2993 sore
227 2929 311 3010 tuo,
339 2923 508 2994 famulos
531 2928 621 2995 tuos
646 2922 694 2993 ab
720 2919 951 3012 aegritudine
