2356 3564
539 179 779 252 -no-

240 360 325 430 sine
348 371 459 430 mora
484 353 635 429 tamdiu
661 361 882 446 prostratus
907 351 1074 422 interra

240 468 329 531 ante
367 457 490 548 pedes
527 457 612 528 eius
649 458 776 530 iaceat
814 452 1074 540 satisfaciens

238 580 364 650 usque
394 558 486 629 dum
512 556 787 630 benedictione
817 551 976 628 sanetur
1004 551 1074 623 illa
1161 579 1162 640 j

239 659 460 732 commotio.
492 697 528 706 —
557 657 672 742 Quod
700 657 769 748 qui
796 651 1075 742 contempserit
1161 691 1162 720 1

237 761 381 850 facere,
414 765 481 831 aut
510 759 707 848 corporali
729 755 916 830 vindictae
944 752 1073 825 subia·

238 868 325 934 eeat
347 867 424 949 aut,
447 859 483 930 si
499 853 710 930 contumax
725 856 851 943 fuerit,
877 854 925 926 de
940 873 1073 925 mona·

239 962 358 1034 sterio
381 960 609 1050 expellatur.
1161 971 1162 976 ’

281 1171 401 1226 LXXII.
437 1169 490 1224 DE
509 1169 606 1224 ZELO
624 1169 726 1226 BONO
745 1167 854 1236 QUEM
873 1165 1030 1222 DEBENT

473 1252 650 1310 MONAGHI
668 1250 836 1307 HABERE.
851 1337 853 1342 ‚

133 1365 224 1463 ἒὲζξξζ,
326 1369 438 1441 Srou'r
460 1378 520 1441 est
534 1370 642 1440 zelus
660 1367 930 1440 amaritudinis
946 1365 1074 1437 malus

132 1465 223 1509 nnn.
240 1471 307 1560 qui
331 1478 489 1559 separat
516 1491 540 1540 a
562 1469 658 1540 Deo‘
676 1476 714 1539 et
742 1467 850 1539 ducit
879 1467 931 1539 ad
959 1465 1075 1545 inier-
1161 1475 1162 1558 ᾗ

238 1592 345 1659 num,
374 1570 431 1642 ita
453 1577 513 1642 est
540 1569 648 1641 zelus
670 1569 800 1641 bonus
824 1569 892 1659 qui
916 1574 1075 1657 separat

164 1684 166 1688 ’
238 1671 388 1742 avitiis
413 1678 451 1741 et
476 1669 583 1742 ducit
606 1670 658 1742 ad
673 1671 799 1742 Deum
824 1677 862 1742 et
884 1669 935 1740 ad
950 1669 1074 1740 vitam
1161 1669 1162 1706 r

240 1779 436 1844 aeternam.

325 1881 440 1953 Hunc
477 1901 571 1970 ergo
609 1881 737 1953 zelum
781 1880 1073 1954 ferventissimo

238 2003 369 2054 amore
400 1990 608 2053 exerceant
638 1980 837 2052 monachi:
869 1980 912 2050 id
943 1987 1003 2052 est
1029 1987 1074 2051 ut

235 2082 385 2153 honore
416 2081 651 2154 seinvicem
679 2081 939 2171 praeveniant,
968 2081 1071 2152 infir·

235 2181 391 2277 mitates
422 2202 514 2253 suas
540 2182 624 2253 sive
648 2202 858 2272 corporum
881 2182 965 2253 sive
988 2201 1081 2252 mo··

235 2303 322 2353 rum
349 2281 635 2370 patientissime
671 2283 853 2372 tolerent,
888 2280 1071 2354 obedien·

235 2382 331 2453 tiam
359 2381 437 2454 sibi
467 2384 643 2455 certatim
671 2382 899 2473 impendant
927 2379 1072 2469 (nullus

236 2483 344 2572 quod
372 2482 450 2554 sibi
472 2483 567 2555 utile
591 2483 741 2555 iudicat
769 2489 970 2573 sequatur,
1000 2481 1074 2552 sed

236 2585 343 2673 quod
365 2583 491 2672 magis
517 2583 595 2656 alio
606 2585 642 2674 ¹),
672 2584 873 2657 caritatem
895 2582 1074 2654 fraterni·
1161 2589 1162 2592 ’

234 2685 326 2757 tatis
346 2693 453 2756 caste
476 2684 713 2774 impendant,
738 2704 869 2756 amore
885 2683 1011 2754 Deum
1027 2682 1075 2753 ti-

316 2891 323 2921 ¹
343 2892 365 2941 1.
377 2891 436 2942 Gor.
447 2894 485 2954 10,
496 2893 538 2953 24;
552 2891 601 2956 (13,
612 2892 646 2956 5.)
658 2892 770 2958 Philipp.
781 2893 803 2955 2,
813 2892 837 2941 4.
