2356 3564
543 186 800 260 —100—

256 359 1090 453 alias‚nullatenusaliquapraesumatsciens

256 487 298 538 se
313 465 536 555 disciplinae
552 462 723 552 regulari
741 464 941 536 subditum
958 472 996 535 et
1010 484 1090 534 ma-

256 567 317 656 gis
331 564 563 661 humilitatis
580 563 760 653 exempla
777 565 958 636 omnibus
975 564 1051 636 det.

343 667 392 737 Et
404 666 439 736 si
452 664 552 737 forte
565 663 826 736 ordinationis
843 673 910 737 aut
921 664 1090 736 alicuius

255 765 312 837 rei
336 786 456 838 causa
483 765 600 838 fuerit
626 765 668 835 in
694 766 951 849 monasterio,
980 766 1092 836 illum

255 867 385 939 locum
414 867 590 938 attendat
617 866 776 956 quando
805 866 1006 956 ingressus
1031 875 1091 937 est

256 969 297 1038 in
316 968 606 1056 monasterium,
629 988 709 1039 non
732 967 842 1038 illum
866 967 933 1059 qui
957 966 994 1038 ei
1016 987 1090 1057 pro

255 1069 476 1142 reverentia
500 1067 713 1139 sacerdotii
736 1087 948 1140 concessus
972 1075 1042 1156 est.

344 1170 590 1243 Cusumoauu
614 1175 743 1240 autem
771 1167 806 1238 si
834 1167 925 1257 quis
951 1166 1092 1238 eodem

258 1271 456 1343 desiderio
481 1268 720 1341 monasterio
744 1267 889 1339 sociari
910 1268 1091 1350 voluerit,

256 1372 345 1443 loco
367 1370 557 1443 mediocri
581 1369 822 1440 collocentur
844 1376 883 1440 et
909 1369 1002 1457 ipsi3
1035 1376 1091 1440 ta·

257 1492 361 1561 men,
401 1472 435 1542 si
466 1471 698 1564 promittunt
729 1470 777 1542 de
813 1469 1091 1542 observatione

256 1571 419 1662 Regulae
440 1571 506 1643 vel
527 1573 690 1663 propria
714 1573 937 1646 stabilitate.

257 1775 333 1832 LXI.
351 1773 404 1830 DE
418 1773 617 1832 MONAGHIS
630 1775 875 1846 PEREGRINIS,
889 1772 1094 1843 QUALITER

524 1855 818 1916 SUSCIPIANTUR.

154 1993 242 2045 151
345 1977 492 2052 S1ou1s
525 1977 741 2048 monachus
775 1977 1005 2065 peregrinus
1041 1977 1091 2048 de

153 2047 234 2138 351311
223 2058 483 2168 {longinquis
506 2077 724 2168 provinciis
747 2079 1031 2168 supervenerit,
1057 2078 1093 2149 si

257 2199 329 2269 pro
345 2179 503 2268 hospite
519 2179 689 2251 voluerit
707 2178 819 2251 habit
803 2185 886 2250 tare
903 2178 944 2249 in
957 2199 1092 2251 mona-

256 2279 377 2353 sterio
408 2287 446 2351 et
479 2287 684 2352 contentus
716 2286 775 2350 est
807 2281 1092 2354 consuetudine

160 2465 162 2472 Α
255 2380 335 2452 1οεί
351 2401 468 2469 quam
483 2381 678 2455 invenerit
695 2387 733 2452 et
745 2399 826 2451 non
840 2380 941 2454 iorte
956 2402 1092 2472 super·

256 2481 404 2552 fluitate
421 2501 493 2553 sua
504 2482 706 2571 perturbat
716 2484 1006 2572 monasterium,
1019 2484 1094 2554 sed

257 2580 487 2672 simpliciter
509 2590 713 2657 contentus
735 2591 795 2656 est
810 2585 918 2675 quod
933 2585 1093 2672 invene·
1163 2625 1164 2650 2

256 2682 317 2770 rit,
341 2682 580 2772 suscipiatur
604 2693 750 2773 quanto
773 2694 948 2776 tempore
973 2687 1092 2776 cupit.

344 2784 387 2856 Si
410 2805 488 2874 qua
512 2805 618 2872 sane,
642 2785 928 2859 rationabiliter
949 2795 1094 2859 etcum

257 2884 475 2960 humilitate
491 2884 664 2959 caritatis
679 2886 931 2976 reprehendit
947 2894 1013 2960 aut
1029 2907 1093 2960 os·
