2356 3564
437 178 660 252 ...81-

130 335 352 427 senioribu's
368 354 590 445 patefaciat,
608 349 815 442 qui'sciant
828 375 963 427 curare

129 460 167 525 et
191 475 262 527 sua
286 463 324 528 et
348 455 475 527 aliena
488 455 662 545 vulnera,
685 473 765 528 non
782 455 962 545 detegere

129 561 167 626 et
188 555 401 644 publicare.

149 743 268 800 XLVII.
305 743 358 800 DE
377 740 658 880 SIGNIFlIffiNDA
676 739 786 800 HORA
805 740 944 799 OPERIS

213 940 444 1010 Nunnium
474 938 573 1010 hora
602 936 743 1029 Operis
770 937 846 1010 Dei
879 938 1028 1009 dicium
1029 961 1070 998 art

125 1040 332 1130 noctisque
365 1039 417 1112 sit
448 1029 540 1110 cura
571 1039 718 1112 Abbat
690 1046 741 1114 trs
775 1046 842 1112 aut
872 1060 959 1130 1pse
968 1062 1002 1100 2⁶-
976 1007 1064 1103 noI·

117 1140 311 1214 nunciare
332 1147 398 1214 aut
418 1139 490 1211 tali
511 1139 657 1212 sollicit
642 1149 681 1212 to
702 1142 846 1214 fratri
832 1142 960 1215 qun·

125 1249 192 1331 gat
214 1242 317 1312 hanc
341 1261 483 1328 curam,
505 1249 549 1310 ut
572 1243 704 1313 omnia
726 1243 836 1315 horis
857 1264 960 1315 com·

124 1343 347 1433 petentibus
373 1339 651 1430 compleantur.

210 1442 385 1513 Parenos
408 1441 609 1514 autemvel
619 1442 857 1532 antiphonas
868 1453 961 1533 post

123 1543 320 1615 Abbatem
352 1541 490 1615 ordine
524 1562 597 1614 suo
635 1543 791 1633 quibus
809 1543 961 1617 iussum

123 1643 241 1715 fuerit
276 1643 489 1732 imponant.
548 1642 715 1716 Cantare
754 1651 883 1716 autem
922 1653 960 1718 et

122 1744 253 1834 legere
275 1765 356 1816 non
378 1752 606 1834 praesumat,
635 1743 715 1815 nisi
738 1745 807 1833 qui
828 1753 960 1835 potest

123 1843 244 1934 ipsud
267 1844 439 1916 officium
458 1845 632 1934 implere,
655 1853 698 1916 ut
718 1845 960 1918 aedificentur

123 1945 327 2017 audientes
343 1946 465 2034 (quod
480 1964 568 2017 cum
582 1945 801 2024 humilitate
820 1954 858 2017 et
873 1966 958 2036 gra-

121 2045 244 2118 vitate
273 2052 310 2117 et
334 2051 501 2117 tremore
526 2045 620 2132 fiat),
646 2051 683 2116 et
711 2045 775 2116 cui
798 2045 957 2119 iusserit

121 2146 271 2218 Abbas.

120 2347 255 2406 XLVIII.
287 2346 340 2401 DE
360 2346 490 2404 OPERA
509 2346 680 2406 MANUUM
700 2347 955 2416 QUOTIDIANA.

208 2462 451 2534 Onosnis
440 2463 600 2535 mimica
634 2472 693 2537 est
726 2465 882 2552 animae,
917 2473 1058 2541 enema

120 2563 211 2635 ideo
226 2561 342 2635 certis
355 2564 598 2653 temporibus
613 2583 799 2655 occupan
788 2565 955 2637 debent
968 2530 1059 2626 {IIII
1018 2532 1056 2572 ¹⁰¹

119 2665 300 2736 fratres
289 2685 330 2736 m
352 2665 489 2737 labore
512 2685 711 2754 manuum,
743 2665 860 2737 certis
888 2666 955 2738 ite

118 2787 205 2838 rum
223 2765 369 2838 horis
357 2787 399 2837 in
413 2765 582 2839 lectione
599 2765 744 2849 divina,
778 2765 953 2857 Ideoque

119 2868 195 2941 hac
241 2866 503 2958 dispositione
550 2867 745 2941 credimus
789 2875 953 2959 unaque

172 2981 226 3038 aeg.
242 2981 265 3026 s.
279 2983 359 3028 senaa.
814 2991 832 3047 6
