2356 3564
420 235 457 244 -
506 195 567 266 141
613 161 672 245 -'

906 325 955 365 [ΒΕ.

119 371 152 424 C.
165 370 209 424 29.
228 369 257 425 Si
269 369 393 424 debeant
402 368 509 425 fratres
519 375 654 425 exeuntes
668 370 704 426 de
713 373 887 428 monasterio

222 457 327 510 iterum
340 456 442 526 recipi.¹
482 499 883 515 ......
919 461 953 514 61

130 585 145 612 ,,
160 544 202 598 30.
222 543 267 598 De
286 545 384 612 pueris
403 546 507 600 minori
527 550 610 602 aetate
630 545 754 614 qualiter
767 548 886 617 corripi·

225 639 318 690 antur.
404 675 410 689 .
483 675 512 688 ..
720 674 725 689 .
798 676 804 691 .
878 636 955 692 ,61

153 834 184 890 Β.
203 833 246 890 De
259 833 548 892 ndmmtstrattone
560 847 671 892 rerum
683 834 920 904 temporalium.

117 991 149 1046 C.
164 991 206 1046 31.
225 990 269 1045 De
284 988 440 1045 Cellarario
454 989 620 1045 monasterii
633 989 726 1058 qualis
738 989 806 1046 sit..
878 1030 884 1046 .
921 989 961 1064 62-

131 1117 147 1144 .,
161 1076 204 1131 32.
223 1076 268 1131 De
282 1075 464 1132 ferramentis
478 1075 524 1132 vel
538 1077 627 1132 rebus
640 1077 815 1133 monasterii.
875 1118 882 1132 .
921 1077 955 1142 64

132 1205 147 1232 ,,
162 1165 205 1219 33.
224 1164 884 1234 Siquiddebeantmonaohipropriumhabere.
920 1165 954 1219 65

130 1293 145 1320 ,,
159 1251 202 1306 34.
221 1251 252 1308 Si
279 1267 378 1307 omnes
407 1253 555 1321 aequaliter
578 1252 885 1308 debeantneoessaria

221 1339 360 1409 accipere.
406 1381 433 1394 ..
485 1382 490 1395 .
563 1381 569 1396 .
641 1380 647 1395 .
720 1380 726 1394 .
799 1381 805 1394 .
878 1382 884 1394 .

130 1471 145 1499 ,‚
160 1430 201 1484 35.
221 1430 265 1484 De
279 1429 490 1498 septimanariis
505 1430 643 1498 coquinae.
721 1469 727 1482 .
799 1469 805 1481 .
878 1469 884 1481 .

130 1557 145 1585 ,‚
159 1516 201 1570 36.
219 1517 264 1570 De
277 1516 397 1570 infirmis
410 1515 557 1570 fratribus.

128 1645 143 1672 ‚‚
157 1603 200 1659 37.
220 1603 265 1657 De
279 1603 395 1658 senibus
408 1602 454 1659 vel
468 1602 636 1658 infantibus.
718 1642 723 1656 .
797 1641 802 1654 .
874 1639 880 1652 .

130 1731 144 1758 „
158 1690 201 1744 38.
219 1689 264 1744 De
277 1689 503 1744 hebdomadario
516 1689 631 1744 lectore.
718 1729 723 1742 .
797 1727 803 1740 .
875 1726 880 1739 .

130 1817 145 1844 ‚‚
157 1776 200 1830 39.
218 1776 263 1830 De
277 1790 412 1830 mensura
425 1774 481 1828 eibi
483 1813 881 1830 ......
919 1773 953 1828 71

129 1902 144 1929 ,,
157 1861 199 1915 40.
219 1861 265 1915 De
277 1875 413 1916 mensura
426 1868 518 1930 potus.
561 1901 567 1914 .
640 1902 645 1915 .
683 1861 684 1864 ’
718 1903 723 1915 .
797 1901 803 1914 .
875 1900 881 1914 .
918 1860 953 1915 72

129 1990 145 2018 ,,
158 1950 201 2003 41.
220 1948 331 2017 Quibus
346 1948 425 2003 horis
439 1954 553 2017 oportet
564 1950 684 2004 reficere
698 1947 812 2002 iratres.
877 1988 882 2001 .
920 1949 953 2004 74

131 2077 146 2106 ,,
161 2036 203 2090 43.
223 2037 264 2092 Ut
276 2040 343 2103 post
357 2035 581 2104 Completorium
594 2051 678 2090 nemo
691 2036 835 2104 loquatur.
877 2075 882 2089 .
919 2036 953 2091 75

129 2165 144 2192 ,,
158 2123 201 2178 48.
220 2123 265 2178 De
282 2123 327 2194 his
345 2122 402 2199 qui·
414 2122 451 2177 ad
466 2123 545 2193 Opus
563 2124 618 2179 Dei
638 2124 683 2177 vel
701 2123 739 2176 ad
757 2138 884 2178 mensam

220 2213 302 2267 tarde
316 2217 481 2267 occurrunt.
559 2250 881 2268 .....
918 2216 952 2271 76

129 2341 144 2369 ‚,
158 2299 201 2354 44.
220 2300 265 2356 De
288 2302 333 2355 his
356 2301 406 2370 qui
431 2300 714 2356 excommunicantur
739 2301 882 2372 quomodo

218 2387 396 2443 satisfaciant
397 2429 881 2444 .......
918 2391 952 2445 78

128 2517 143 2542 ,,
156 2474 198 2529 45.
218 2475 262 2529 De
275 2475 320 2530 his
333 2475 383 2544 qui
397 2475 536 2531 falluntur
547 2477 577 2531 in
592 2476 733 2532 Oratorio.
796 2520 801 2532 .
875 2520 880 2532 .
917 2477 952 2532 80

127 2603 142 2630 ,,
157 2562 200 2616 46.
218 2561 263 2616 De
280 2562 325 2616 his
346 2562 395 2630 qui
413 2562 443 2617 in
461 2562 524 2617 aliis
544 2563 719 2632 quibuslibet
732 2565 821 2619 rebus
835 2565 881 2618 de

217 2649 351 2719 linquunt
353 2690 879 2706 ........
916 2653 951 2708 80

127 2779 143 2806 ,,
157 2737 200 2792 47.
219 2738 263 2792 De
277 2737 460 2807 significanda
474 2737 546 2791 bora
561 2738 664 2807 Operis
677 2739 740 2792 Dei.
794 2779 800 2792 .
873 2780 878 2792 .
915 2740 949 2794 81

129 2864 145 2890 ‚‚
158 2823 200 2878 48.
219 2825 263 2880 De
276 2840 365 2894 opera
379 2839 516 2879 manuum
528 2825 704 2894 quotidiana.
795 2866 800 2878 .
873 2867 879 2881 .
915 2827 949 2882 81
1024 2864 1029 2873 -

128 2949 144 2978 „
157 2909 200 2964 49.
218 2910 263 2966 De
277 2912 508 2981 Quadragesimae
521 2911 731 2970 observatione.
795 2955 801 2970 .
872 2953 879 2969 .
915 2914 949 2970 84
