2356 3564
364 139 780 253 Ν-79-Ν

132 332 211 412 tur,
234 332 321 398 ante
346 326 452 402 fores
476 323 647 398 Oratorii
669 331 890 415 prostratus
914 324 967 396 ia·

134 434 220 497 ceat
242 425 343 496 nihil
367 427 502 499 dicens
518 426 597 498 nisi
613 433 763 496 tantum
778 426 911 516 posito
929 425 969 495 in

132 535 235 597 terra
269 527 397 617 capite
436 534 581 599 stratus
612 546 763 616 pronus
797 526 968 598 omnium

133 627 181 698 de
196 634 198 644 “
215 627 397 699 Oratorio
431 627 656 698 exeuntium
673 620 870 717 pedibus.
920 627 970 697 Et

131 727 207 800 hoc
231 728 381 800 tamdiu
405 726 539 817 faciat,
566 747 692 818 usque
717 728 809 798 dum
830 728 969 800 Abbas

132 827 368 900 iudicaverit
384 827 628 900 satisfactum
648 848 746 901 esse.
786 828 860 912 Qui
877 829 970 900 dum

132 926 266 998 iussus
284 929 333 1000 ab
350 928 506 1000 Abbate
521 928 684 1017 venen't,
700 929 837 1001 volvat
853 949 895 1002 se
912 928 969 1018 ip-

132 1030 216 1102 sius
229 1031 408 1119 Abbatis‚
432 1030 574 1101 deinde
588 1030 761 1102 omnium
777 1029 969 1118 vestigiis,

132 1138 175 1201 ut
197 1138 308 1203 orent
330 1151 403 1221 pro
429 1131 530 1221 ipso.
576 1130 625 1201 Et
639 1137 742 1217 tunc,
760 1131 795 1202 si
811 1131 970 1202 iusserit

133 1231 287 1320 Abbas,
311 1231 525 1322 recipiatur
545 1231 588 1302 in
611 1231 732 1302 choro
755 1231 821 1304 vel
844 1231 885 1302 in
910 1251 969 1302 or·

133 1332 223 1404 dine
248 1342 326 1422 'quo
350 1333 488 1405 Abbas
518 1332 752 1423 decreverit3
781 1333 836 1404 ita
863 1354 969 1421 sane,

131 1442 174 1505 ut
202 1435 398 1525 psalmum
427 1441 493 1506 aut
524 1432 733 1506 lectionem
765 1433 831 1505 vel
860 1433 969 1506 aliud

133 1535 229 1623 quid
258 1555 338 1607 non
371 1543 586 1625 praesumat
617 1534 658 1604 in
689 1533 870 1606 Oratorio
901 1533 968 1604 im-

132 1655 290 1725 ponere,
312 1634 391 1708 nisi
415 1636 555 1707 iterum
578 1635 716 1708 Abbas
740 1635 882 1706 iubeat.
919 1636 969 1706 Et

134 1738 315 1809 omnibus
347 1737 485 1826 Horis,
541 1737 635 1808 dum
679 1737 969 1826 percompletur

132 1837 241 1928 Opus
273 1838 368 1925 Dei,
402 1838 580 1927 proiciatv
604 1858 646 1909 se
678 1837 720 1907 in
751 1845 894 1908 terram
927 1839 968 1908 in

130 1939 222 2009 loco
239 1958 317 2027 quo
333 1945 420 2009 stat.
458 1939 507 2010 Et
523 1938 581 2009 sic
597 1936 825 2024 satisfaciat,
843 1957 968 2028 usque

133 2037 226 2108 dum
246 2037 283 2107 ei
302 2037 436 2109 iubeat
454 2037 594 2109 iterum
607 2037 758 2124 Abbas,
777 2044 820 2108 ut
840 2039 968 2128 quies·
1076 2127 1079 2134 Ι

133 2137 745 2211 mmwmwmmm

221 2265 294 2350 QUI
315 2279 413 2332 vano
445 2285 518 2355 pro
555 2264 711 2336 levibus
744 2263 872 2354 culpis
905 2285 969 2336 ex·

133 2366 468 2439 communicantur
501 2372 652 2436 tantum
682 2386 704 2435 a
734 2386 890 2454 mensa,
927 2366 984 2435 in·

133 2466 314 2540 Oratorio
339 2466 587 2538 satisfaciant
612 2485 737 2554 usque
761 2466 812 2538 ad
827 2466 967 2538 iussio·

132 2589 221 2639 nem
243 2567 422 2640 Abbatis.
467 2567 555 2637 Hoc
588 2563 812 2656 perficiant,
842 2587 968 2655 usque

134 2669 226 2741 dum
247 2669 457 2742 benedicat
480 2675 519 2740 et
543 2667 663 2738 dicat:
687 2666 848 2739 Sufficit.
