2356 3564
459 185 679 258 ‚77-

13 423 16 431 .
151 361 272 434 choro
297 362 367 435 sed
385 363 544 437 ultimus
562 363 735 436 omnium
756 370 832 436 stet
855 371 921 435 aut
944 362 985 436 in

149 463 238 536 loco
263 485 379 554 quem
399 465 545 537 talibus
561 464 859 553 neglegentibus
880 485 984 537 seor·

150 589 236 639 sum
259 567 505 640 constituerit
527 565 682 653 Abbas,
711 573 753 637 ut
775 565 984 638 videantur

149 669 199 740 ab
228 669 318 759 ipso
342 669 407 741 vel
436 668 485 739 ab
515 667 707 756 omnibus,
734 687 860 758 usque
890 667 984 738 dum

24 774 32 785 ’
149 769 344 859 completo
375 768 502 858 Opere
530 767 606 839 Dei
638 768 799 858 publica
829 768 983 839 satisfa-

149 869 278 940 ctione
308 867 508 959 poeniteat.
552 868 648 940 Ideo
681 876 810 941 autem
840 888 909 940 eos
942 869 983 939 in
1056 903 1069 964 -,

148 970 286 1041 ultimo
317 977 384 1042 aut
414 990 592 1041 seorsum
623 969 886 1042 iudicavimus
918 968 982 1040 de-

147 1071 239 1142 bere
277 1078 397 1160 stare,
425 1078 474 1141 -ut
503 1069 583 1142 visi
619 1070 668 1142 ab
704 1070 886 1141 omnibus
917 1068 983 1142 vel

146 1191 219 1261 pro
257 1171 346 1261 ipsa
379 1170 619 1243 verecundia
656 1191 728 1243 sua
766 1170 981 1243 emendent.

146 1271 248 1343 Nam
284 1273 319 1344 si
352 1270 451 1343 loris
486 1270 709 1344 Oratorium
745 1280 981 1362 remaneant,

147 1374 220 1446 erit
233 1374 333 1446 forte
353 1367 446 1446 talis
470 1372 538 1464 qui
562 1394 604 1444 se
626 1381 693 1447 aut
710 1372 922 1445 recollocet
944 1381 982 1444 et

147 1475 291 1548 dormit
321 1482 388 1547 aut
419 1483 521 1548 certe
551 1476 662 1547 sedet
690 1474 768 1547 sibi
795 1474 893 1547 ioris
916 1474 982 1547 vel

145 1576 290 1649 fabulis
314 1583 445 1666 vacat,
475 1583 513 1648 et
544 1577 659 1648 datur
688 1575 847 1649 occasio
871 1577 981 1647 mali·

146 1697 240 1768 gno;
255 1717 299 1728 -—
316 1677 387 1750 sed
409 1676 681 1766 ingrediantur
702 1677 819 1767 intus,
842 1686 886 1749 ut
908 1698 981 1749 nec

145 1787 270 1851 totum
290 1779 458 1870 perdant
476 1779 577 1850 etde
592 1779 746 1870 reliquo
764 1777 980 1850 emendent.

232 1877 394 1949 Diumis
418 1885 547 1950 autem
569 1878 679 1950 horis
704 1879 772 1968 qui
796 1878 848 1950 ad
871 1878 980 1968 Opus

144 1978 219 2049 Dei
245 1986 338 2067 post
359 1999 518 2051 versum
550 1985 588 2050 et
616 1978 836 2066 „Gloriam“
863 1979 981 2069 primi

145 2077 290 2168 psalmi
317 2078 385 2167 qui
412 2086 506 2168 post
532 2099 691 2150 versum
714 2080 871 2169 dicitur,
900 2100 980 2151 non
1171 2149 1172 2162 ς

145 2179 367 2267 occurrerit,
389 2179 477 2269 lege
501 2199 579 2268 qua
596 2200 715 2270 supra
732 2179 915 2269 diximus,
938 2180 980 2251 in
1120 2225 1122 2231 ι

143 2278 282 2350 ultimo
319 2287 421 2352 stent
454 2302 526 2353 nec
559 2289 800 2371 praesumant
835 2281 980 2354 sociari

144 2379 265 2452 choro
279 2381 532 2470 psallentium
540 2401 666 2473 usque
680 2381 979 2454 adsatisfactio-

142 2501 243 2570 nem,
265 2482 345 2554 nisi
367 2482 468 2555 forte
483 2482 622 2555 Abbas
642 2482 843 2555 licentiam
863 2483 978 2556 dede·

142 2583 194 2655 rit
215 2582 448 2656 remissione
473 2604 554 2673 sua,
578 2583 634 2656 ita
652 2591 783 2656 tamen
804 2591 848 2656 ut
864 2585 979 2657 satis·

142 2682 263 2755 faciat
284 2705 374 2755 reus
399 2704 449 2755 ex
467 2683 554 2755 hoc.

230 2784 294 2855 Au
310 2799 464 2852 mausum
485 2792 614 2857 autem
630 2785 699 2876 qui
715 2793 805 2858 ante
819 2797 1087 2859 versum²³·¹¹¹⁸¹·t·

23 2894 29 2906 '
142 2905 223 2957 non
246 2887 468 2976 occurrerit,
492 2896 535 2958 ut
556 2887 673 2959 simul
692 2907 827 2961 omnes
845 2848 1080 2961 dicant2²3333il
