2356 3564
489 190 729 262 ..124-

194 358 241 450 V.
265 366 431 439 Domine
456 365 602 437 exaudi
626 365 842 440 orationem
864 359 1002 440 meam.

194 465 240 555 R.
263 465 313 537 Et
336 468 483 538 clamor
504 485 615 538 meus
639 466 691 536 ad
713 474 751 537 te
771 466 914 539 veniat.

192 560 238 652 V.
252 568 563 641 Dnsvobiscum.
583 568 629 658 R.
639 566 689 639 Et
698 587 785 639 cum
798 568 939 657 spiritu
948 575 1028 638 tuo.

279 769 387 841 Deus
418 683 803 841 οωηίιῗὲιΑἷῗῇᾱὶῒοτ
834 775 1027 841 creatura·

82 937 86 944 .
191 889 292 959 rum,
327 869 395 959 qui
428 869 479 940 ad
509 866 835 941 restaurationem
865 868 1027 939 humani

192 970 346 1061 generis
376 970 534 1051 unicum
561 968 705 1042 Filium
734 975 853 1058 tuum,
885 989 1026 1059 coope-

190 1077 300 1142 rante
317 1069 466 1159 Spiritu
489 1077 636 1160 sancto‚
659 1090 709 1142 ex
723 1069 849 1141 Maria
862 1068 1025 1159 Virgine

190 1171 386 1242 incarnari
403 1172 652 1261 constituisti,
675 1180 714 1244 et
734 1192 806 1262 per
822 1191 1026 1243 sacrosan·

191 1276 294 1341 ctum
333 1291 378 1342 ac
421 1271 639 1359 gloriosum
679 1271 850 1344 vivificae
888 1270 1025 1344 Crucis

189 1370 339 1460 lignum
357 1372 586 1445 vulneribus
608 1382 645 1445 et
665 1372 922 1463 languoribus
944 1372 1025 1468 ani·

189 1490 339 1542 marum
350 1480 582 1562 nostrarum,
594 1495 668 1547 nos
680 1473 921 1562 redimendo,
936 1474 1024 1545 sub-

189 1572 323 1644 venire
341 1572 525 1663 dignatus
541 1595 600 1648 es:
616 1575 702 1665 ipse
718 1574 822 1646 hunc
837 1573 1025 1645 famulum

190 1678 299 1743 tuum
321 1672 368 1744 N.
390 1693 462 1763 per
484 1674 617 1747 vitalis
638 1675 754 1765 huius
779 1675 882 1766 signi
903 1675 1024 1747 virtu-

190 1779 269 1845 tem
303 1773 354 1844 ad
387 1775 595 1864 pristinam
630 1775 815 1848 reducere
849 1775 1024 1864 digneris

191 1874 407 1946 sanitatem.
445 1875 521 1949 Per
540 1876 718 1947 eumdem
734 1875 933 1949 Christum
946 1875 1024 1948 Do·

190 1975 338 2048 minum
359 1983 545 2053 nostrum.
590 1977 636 2070 R.
659 1977 796 2048 Amen.

531 2093 687 2152 oun‘rlo.

277 2176 444 2249 Domine
471 2178 568 2251 Jesu
599 2175 769 2264 Christe,
805 2176 873 2266 qui
902 2173 1023 2265 magi·

190 2284 272 2348 stro
286 2297 373 2349 mco
388 2277 506 2349 beato
522 2276 736 2348 Benedicto
755 2276 901 2348 dedisti
914 2283 1022 2365 pote-

190 2385 330 2450 statem
373 2377 479 2467 apud
511 2385 550 2450 te
588 2378 796 2467 impetrare
836 2375 944 2466 quod
980 2376 1023 2447 in

188 2479 345 2550 nomine
366 2485 443 2550 tuo
457 2485 616 2569 peteret.
656 2477 717 2548 Tu
736 2497 808 2567 per
822 2477 950 2566 ipsius
966 2476 1022 2547 in·

188 2578 467 2651 tercessionem
497 2585 658 2651 cunctos
688 2579 737 2650 ab
768 2579 844 2650 hoc
874 2578 1021 2649 famulo

187 2685 255 2750 tuo
290 2681 499 2770 languores
535 2678 724 2768 repellere
762 2678 939 2768 dignare:
979 2686 1022 2749 ut

189 2780 356 2852 sanitate
379 2788 575 2871 percepta,
599 2779 812 2869 gratiarum
828 2777 1021 2852 actionem

187 2880 331 2952 referat
358 2881 509 2952 nomini
539 2887 675 2953 sancto
708 2887 791 2952 tuo:
826 2879 902 2964 Qui
934 2897 1044 2951 cum·
