<?xml version="1.0" encoding="UTF-8"?>
<!DOCTYPE html PUBLIC "-//W3C//DTD XHTML 1.0 Transitional//EN"
    "http://www.w3.org/TR/xhtml1/DTD/xhtml1-transitional.dtd">
<html xmlns="http://www.w3.org/1999/xhtml" xml:lang="en" lang="en">
 <head>
  <title>
</title>
<meta http-equiv="Content-Type" content="text/html;charset=utf-8" />
  <meta name='ocr-system' content='tesseract 3.04.00' />
  <meta name='ocr-capabilities' content='ocr_page ocr_carea ocr_par ocr_line ocrx_word'/>
</head>
<body>
  <div class='ocr_page' id='page_1' title='image "./regluasanctipat00benegoog_0151.png"; bbox 0 0 2356 3564; ppageno 0'>
   <div class='ocr_carea' id='block_1_1' title="bbox 521 145 768 218">
    <p class='ocr_par' dir='ltr' id='par_1_1' title="bbox 521 145 768 218">
     <span class='ocr_line' id='line_1_1' title="bbox 521 145 768 218; baseline 0.008 -2"><span class='ocrx_word' id='word_1_1' title='bbox 521 145 768 218; x_wconf 86' lang='lat'>-130-</span> 
     </span>
    </p>
   </div>
   <div class='ocr_carea' id='block_1_2' title="bbox 229 319 1150 409">
    <p class='ocr_par' dir='ltr' id='par_1_2' title="bbox 229 319 1150 409">
     <span class='ocr_line' id='line_1_2' title="bbox 229 319 1150 409; baseline -0.002 -14"><span class='ocrx_word' id='word_1_2' title='bbox 229 323 321 396; x_wconf 90' lang='lat' dir='ltr'><strong>tatis</strong></span> <span class='ocrx_word' id='word_1_3' title='bbox 341 329 420 395; x_wconf 86' lang='lat' dir='ltr'><strong>tuae</strong></span> <span class='ocrx_word' id='word_1_4' title='bbox 436 320 677 394; x_wconf 87' lang='lat' dir='ltr'><strong>abundantia</strong></span> <span class='ocrx_word' id='word_1_5' title='bbox 695 319 1009 409; x_wconf 87' lang='lat' dir='ltr'>compunctionis</span> <span class='ocrx_word' id='word_1_6' title='bbox 1029 329 1069 393; x_wconf 87' lang='lat' dir='ltr'><strong>et</strong></span> <span class='ocrx_word' id='word_1_7' title='bbox 1149 399 1150 404; x_wconf 47' lang='lat'>,</span> 
     </span>
    </p>
   </div>
   <div class='ocr_carea' id='block_1_3' title="bbox 229 420 1068 512">
    <p class='ocr_par' dir='ltr' id='par_1_3' title="bbox 229 409 1150 512">
     <span class='ocr_line' id='line_1_3' title="bbox 229 420 1068 512; baseline -0.002 -17"><span class='ocrx_word' id='word_1_8' title='bbox 229 421 477 512; x_wconf 82' lang='lat' dir='ltr'><strong>lacrimarum</strong></span> <span class='ocrx_word' id='word_1_9' title='bbox 500 422 666 511; x_wconf 81' lang='lat' dir='ltr'>gratiam</span> <span class='ocrx_word' id='word_1_10' title='bbox 688 420 786 491; x_wconf 93' lang='lat' dir='ltr'><strong>mihi</strong></span> <span class='ocrx_word' id='word_1_11' title='bbox 802 420 998 510; x_wconf 73' lang='lat' dir='ltr'><strong>impetres</strong></span> <span class='ocrx_word' id='word_1_12' title='bbox 1023 431 1068 494; x_wconf 93' lang='lat' dir='ltr'><strong>ut</strong></span> 
     </span>
    </p>
   </div>
   <div class='ocr_carea' id='block_1_4' title="bbox 230 523 1065 613">
    <p class='ocr_par' dir='ltr' id='par_1_4' title="bbox 230 523 1065 613">
     <span class='ocr_line' id='line_1_4' title="bbox 230 523 1065 613; baseline -0.001 -19"><span class='ocrx_word' id='word_1_13' title='bbox 230 523 348 612; x_wconf 84' lang='lat' dir='ltr'>digne</span> <span class='ocrx_word' id='word_1_14' title='bbox 377 523 617 613; x_wconf 85' lang='lat' dir='ltr'><strong>copioseque</strong></span> <span class='ocrx_word' id='word_1_15' title='bbox 640 524 796 596; x_wconf 87' lang='lat' dir='ltr'><strong>valeam</strong></span> <span class='ocrx_word' id='word_1_16' title='bbox 825 529 934 612; x_wconf 85' lang='lat' dir='ltr'><strong>tanta</strong></span> <span class='ocrx_word' id='word_1_17' title='bbox 960 523 1065 594; x_wconf 91' lang='lat' dir='ltr'><strong>mala</strong></span> 
     </span>
    </p>
   </div>
   <div class='ocr_carea' id='block_1_5' title="bbox 231 613 1151 714">
    <p class='ocr_par' dir='ltr' id='par_1_5' title="bbox 231 613 1151 714">
     <span class='ocr_line' id='line_1_5' title="bbox 231 613 1151 714; baseline -0.009 -20"><span class='ocrx_word' id='word_1_18' title='bbox 231 632 269 695; x_wconf 92' lang='lat' dir='ltr'><strong>et</strong></span> <span class='ocrx_word' id='word_1_19' title='bbox 291 623 462 695; x_wconf 88' lang='lat' dir='ltr'><strong>offensas</strong></span> <span class='ocrx_word' id='word_1_20' title='bbox 485 623 672 712; x_wconf 86' lang='lat' dir='ltr'>plangere</span> <span class='ocrx_word' id='word_1_21' title='bbox 702 623 846 714; x_wconf 92' lang='lat' dir='ltr'><strong>quibus</strong></span> <span class='ocrx_word' id='word_1_22' title='bbox 879 644 902 694; x_wconf 91' lang='lat' dir='ltr'><strong>a</strong></span> <span class='ocrx_word' id='word_1_23' title='bbox 930 623 1064 694; x_wconf 92' lang='lat' dir='ltr'><strong>iuven·</strong></span> <span class='ocrx_word' id='word_1_24' title='bbox 1150 613 1151 686; x_wconf 63' lang='grc' dir='ltr'>Τ</span> 
     </span>
    </p>
   </div>
   <div class='ocr_carea' id='block_1_6' title="bbox 230 723 1068 796">
    <p class='ocr_par' dir='ltr' id='par_1_6' title="bbox 230 723 1068 796">
     <span class='ocr_line' id='line_1_6' title="bbox 230 723 1068 796; baseline -0.004 0"><span class='ocrx_word' id='word_1_25' title='bbox 230 732 312 796; x_wconf 86' lang='lat' dir='ltr'><strong>tute</strong></span> <span class='ocrx_word' id='word_1_26' title='bbox 340 744 428 795; x_wconf 92' lang='lat' dir='ltr'><strong>mea</strong></span> <span class='ocrx_word' id='word_1_27' title='bbox 456 723 664 796; x_wconf 85' lang='lat' dir='ltr'><strong>amabilem</strong></span> <span class='ocrx_word' id='word_1_28' title='bbox 694 732 732 795; x_wconf 92' lang='lat' dir='ltr'><strong>et</strong></span> <span class='ocrx_word' id='word_1_29' title='bbox 764 723 1068 795; x_wconf 71' lang='lat' dir='ltr'>desiderabilem</span> 
     </span>
    </p>
   </div>
   <div class='ocr_carea' id='block_1_7' title="bbox 230 809 1152 1022">
    <p class='ocr_par' dir='ltr' id='par_1_7' title="bbox 230 809 1152 1022">
     <span class='ocr_line' id='line_1_7' title="bbox 230 809 1151 914; baseline -0.004 -18"><span class='ocrx_word' id='word_1_30' title='bbox 230 823 442 896; x_wconf 91' lang='lat' dir='ltr'><strong>Dominum</strong></span> <span class='ocrx_word' id='word_1_31' title='bbox 464 823 602 895; x_wconf 88' lang='lat' dir='ltr'><strong>Jesum</strong></span> <span class='ocrx_word' id='word_1_32' title='bbox 625 824 826 898; x_wconf 88' lang='lat' dir='ltr'><strong>Christum</strong></span> <span class='ocrx_word' id='word_1_33' title='bbox 847 825 1068 914; x_wconf 87' lang='lat' dir='ltr'><strong>provocavi</strong></span> <span class='ocrx_word' id='word_1_34' title='bbox 1150 809 1151 892; x_wconf 77' lang='lat' dir='ltr'>J</span> 
     </span>
     <span class='ocr_line' id='line_1_8' title="bbox 231 923 1152 1022; baseline 0 -27"><span class='ocrx_word' id='word_1_35' title='bbox 231 925 489 1016; x_wconf 85' lang='lat' dir='ltr'><strong>frequentius,</strong></span> <span class='ocrx_word' id='word_1_36' title='bbox 525 931 642 1014; x_wconf 88' lang='lat' dir='ltr'><strong>teque</strong></span> <span class='ocrx_word' id='word_1_37' title='bbox 680 924 798 1014; x_wconf 85' lang='lat' dir='ltr'><strong>digne</strong></span> <span class='ocrx_word' id='word_1_38' title='bbox 830 923 993 996; x_wconf 90' lang='lat' dir='ltr'><strong>laudare</strong></span> <span class='ocrx_word' id='word_1_39' title='bbox 1029 931 1069 996; x_wconf 88' lang='lat' dir='ltr'><strong>et</strong></span> <span class='ocrx_word' id='word_1_40' title='bbox 1151 1015 1152 1022; x_wconf 10' lang='grc' dir='ltr'><strong>ἶ</strong></span> 
     </span>
    </p>
   </div>
   <div class='ocr_carea' id='block_1_8' title="bbox 232 1025 1071 2930">
    <p class='ocr_par' dir='ltr' id='par_1_8' title="bbox 232 1025 593 1098">
     <span class='ocr_line' id='line_1_9' title="bbox 232 1025 593 1098; baseline -0.008 0"><span class='ocrx_word' id='word_1_41' title='bbox 232 1025 412 1098; x_wconf 86' lang='lat' dir='ltr'><strong>venerari</strong></span> <span class='ocrx_word' id='word_1_42' title='bbox 433 1044 593 1098; x_wconf 85' lang='lat' dir='ltr'><strong>merear.</strong></span> 
     </span>
    </p>

    <p class='ocr_par' dir='ltr' id='par_1_9' title="bbox 233 1125 1071 2930">
     <span class='ocr_line' id='line_1_10' title="bbox 321 1125 1067 1200; baseline 0.003 -3"><span class='ocrx_word' id='word_1_43' title='bbox 321 1125 353 1197; x_wconf 94' lang='lat' dir='ltr'>O</span> <span class='ocrx_word' id='word_1_44' title='bbox 376 1126 498 1199; x_wconf 85' lang='lat' dir='ltr'><strong>oliva!</strong></span> <span class='ocrx_word' id='word_1_45' title='bbox 535 1125 677 1198; x_wconf 89' lang='lat' dir='ltr'><strong>Ovitis</strong></span> <span class='ocrx_word' id='word_1_46' title='bbox 698 1126 862 1197; x_wconf 91' lang='lat' dir='ltr'><strong>nimium</strong></span> <span class='ocrx_word' id='word_1_47' title='bbox 883 1126 924 1197; x_wconf 93' lang='lat' dir='ltr'><strong>in</strong></span> <span class='ocrx_word' id='word_1_48' title='bbox 948 1126 1067 1200; x_wconf 89' lang='lat' dir='ltr'><strong>domo</strong></span> 
     </span>
     <span class='ocr_line' id='line_1_11' title="bbox 233 1226 1069 1318; baseline 0.004 -21"><span class='ocrx_word' id='word_1_49' title='bbox 233 1226 307 1300; x_wconf 92' lang='lat' dir='ltr'><strong>Dei</strong></span> <span class='ocrx_word' id='word_1_50' title='bbox 338 1227 553 1298; x_wconf 80' lang='lat' dir='ltr'><strong>fructifera!</strong></span> <span class='ocrx_word' id='word_1_51' title='bbox 598 1227 630 1298; x_wconf 94' lang='lat'>0</span> <span class='ocrx_word' id='word_1_52' title='bbox 662 1247 735 1299; x_wconf 91' lang='lat' dir='ltr'><strong>vas</strong></span> <span class='ocrx_word' id='word_1_53' title='bbox 760 1227 854 1299; x_wconf 90' lang='lat' dir='ltr'><strong>auri</strong></span> <span class='ocrx_word' id='word_1_54' title='bbox 886 1226 1069 1318; x_wconf 91' lang='lat' dir='ltr'><strong>solidum,</strong></span> 
     </span>
     <span class='ocr_line' id='line_1_12' title="bbox 233 1328 1068 1418; baseline 0.004 -20"><span class='ocrx_word' id='word_1_55' title='bbox 233 1328 340 1398; x_wconf 91' lang='lat' dir='ltr'><strong>omni</strong></span> <span class='ocrx_word' id='word_1_56' title='bbox 364 1334 543 1399; x_wconf 92' lang='lat' dir='ltr'><strong>ornatum</strong></span> <span class='ocrx_word' id='word_1_57' title='bbox 563 1328 697 1417; x_wconf 89' lang='lat' dir='ltr'><strong>lapide</strong></span> <span class='ocrx_word' id='word_1_58' title='bbox 720 1329 907 1418; x_wconf 87' lang='lat' dir='ltr'><strong>pretioso,</strong></span> <span class='ocrx_word' id='word_1_59' title='bbox 932 1350 1068 1401; x_wconf 88' lang='lat' dir='ltr'><strong>secun·</strong></span> 
     </span>
     <span class='ocr_line' id='line_1_13' title="bbox 234 1429 1069 1504; baseline 0.004 -3"><span class='ocrx_word' id='word_1_60' title='bbox 234 1430 327 1501; x_wconf 90' lang='lat' dir='ltr'><strong>dum</strong></span> <span class='ocrx_word' id='word_1_61' title='bbox 353 1449 422 1501; x_wconf 91' lang='lat' dir='ltr'><strong>cor</strong></span> <span class='ocrx_word' id='word_1_62' title='bbox 442 1429 518 1500; x_wconf 92' lang='lat' dir='ltr'><strong>Dei</strong></span> <span class='ocrx_word' id='word_1_63' title='bbox 541 1429 705 1502; x_wconf 92' lang='lat' dir='ltr'><strong>electum</strong></span> <span class='ocrx_word' id='word_1_64' title='bbox 736 1436 774 1500; x_wconf 90' lang='lat' dir='ltr'><strong>et</strong></span> <span class='ocrx_word' id='word_1_65' title='bbox 796 1430 1069 1504; x_wconf 87' lang='lat' dir='ltr'><strong>dulcissimum</strong></span> 
     </span>
     <span class='ocr_line' id='line_1_14' title="bbox 233 1530 1068 1619; baseline 0.002 -17"><span class='ocrx_word' id='word_1_66' title='bbox 233 1530 524 1619; x_wconf 87' lang='lat' dir='ltr'><strong>innumerisque</strong></span> <span class='ocrx_word' id='word_1_67' title='bbox 540 1531 753 1619; x_wconf 90' lang='lat' dir='ltr'><strong>gratiarum</strong></span> <span class='ocrx_word' id='word_1_68' title='bbox 766 1531 1068 1604; x_wconf 86' lang='lat' dir='ltr'><strong>charismatibus</strong></span> 
     </span>
     <span class='ocr_line' id='line_1_15' title="bbox 233 1631 1069 1721; baseline 0.001 -18"><span class='ocrx_word' id='word_1_69' title='bbox 233 1642 432 1721; x_wconf 85' lang='lat' dir='ltr'><strong>tamquam</strong></span> <span class='ocrx_word' id='word_1_70' title='bbox 453 1631 616 1719; x_wconf 86' lang='lat' dir='ltr'><strong>gemmis</strong></span> <span class='ocrx_word' id='word_1_71' title='bbox 633 1632 930 1704; x_wconf 88' lang='lat' dir='ltr'><strong>coruscantibus</strong></span> <span class='ocrx_word' id='word_1_72' title='bbox 955 1633 1069 1704; x_wconf 88' lang='lat' dir='ltr'><strong>deco·</strong></span> 
     </span>
     <span class='ocr_line' id='line_1_16' title="bbox 233 1730 1068 1822; baseline 0.001 -19"><span class='ocrx_word' id='word_1_73' title='bbox 233 1733 374 1804; x_wconf 82' lang='lat' dir='ltr'><strong>ratum!</strong></span> <span class='ocrx_word' id='word_1_74' title='bbox 412 1730 468 1802; x_wconf 89' lang='lat' dir='ltr'><strong>Te</strong></span> <span class='ocrx_word' id='word_1_75' title='bbox 493 1750 574 1820; x_wconf 89' lang='lat' dir='ltr'><strong>oro,</strong></span> <span class='ocrx_word' id='word_1_76' title='bbox 596 1738 635 1804; x_wconf 88' lang='lat' dir='ltr'><strong>te</strong></span> <span class='ocrx_word' id='word_1_77' title='bbox 655 1752 765 1822; x_wconf 92' lang='lat' dir='ltr'><strong>r0g0,</strong></span> <span class='ocrx_word' id='word_1_78' title='bbox 789 1731 862 1803; x_wconf 88' lang='lat' dir='ltr'><strong>tibi</strong></span> <span class='ocrx_word' id='word_1_79' title='bbox 885 1740 968 1804; x_wconf 90' lang='lat' dir='ltr'><strong>toto</strong></span> <span class='ocrx_word' id='word_1_80' title='bbox 986 1751 1068 1804; x_wconf 92' lang='lat' dir='ltr'><strong>cor·</strong></span> 
     </span>
     <span class='ocr_line' id='line_1_17' title="bbox 235 1832 1070 1906; baseline 0.001 -2"><span class='ocrx_word' id='word_1_81' title='bbox 235 1834 297 1905; x_wconf 93' lang='lat' dir='ltr'><strong>dis</strong></span> <span class='ocrx_word' id='word_1_82' title='bbox 322 1832 461 1905; x_wconf 89' lang='lat' dir='ltr'><strong>affectu</strong></span> <span class='ocrx_word' id='word_1_83' title='bbox 485 1852 531 1903; x_wconf 92' lang='lat' dir='ltr'><strong>ac</strong></span> <span class='ocrx_word' id='word_1_84' title='bbox 554 1833 735 1905; x_wconf 91' lang='lat' dir='ltr'><strong>omnibus</strong></span> <span class='ocrx_word' id='word_1_85' title='bbox 759 1833 901 1904; x_wconf 87' lang='lat' dir='ltr'><strong>animae</strong></span> <span class='ocrx_word' id='word_1_86' title='bbox 918 1832 1070 1906; x_wconf 89' lang='lat' dir='ltr'><strong>deside·</strong></span> 
     </span>
     <span class='ocr_line' id='line_1_18' title="bbox 234 1926 1070 2024; baseline 0.004 -21"><span class='ocrx_word' id='word_1_87' title='bbox 234 1933 316 2023; x_wconf 77' lang='lat' dir='ltr'><strong>riiS,</strong></span> <span class='ocrx_word' id='word_1_88' title='bbox 337 1931 619 2022; x_wconf 85' lang='lat' dir='ltr'><strong>benignissime</strong></span> <span class='ocrx_word' id='word_1_89' title='bbox 636 1926 753 2005; x_wconf 87' lang='lat' dir='ltr'><strong>Pater</strong></span> <span class='ocrx_word' id='word_1_90' title='bbox 769 1934 974 2024; x_wconf 89' lang='lat' dir='ltr'><strong>dulcisque</strong></span> <span class='ocrx_word' id='word_1_91' title='bbox 991 1935 1070 2006; x_wconf 91' lang='lat' dir='ltr'><strong>Ma-</strong></span> 
     </span>
     <span class='ocr_line' id='line_1_19' title="bbox 235 2033 1071 2124; baseline 0.002 -19"><span class='ocrx_word' id='word_1_92' title='bbox 235 2036 367 2124; x_wconf 87' lang='lat' dir='ltr'><strong>gister,</strong></span> <span class='ocrx_word' id='word_1_93' title='bbox 391 2033 585 2124; x_wconf 87' lang='lat' dir='ltr'><strong>supplico,</strong></span> <span class='ocrx_word' id='word_1_94' title='bbox 608 2043 651 2106; x_wconf 93' lang='lat' dir='ltr'><strong>ut</strong></span> <span class='ocrx_word' id='word_1_95' title='bbox 674 2035 751 2106; x_wconf 90' lang='lat' dir='ltr'><strong>mei</strong></span> <span class='ocrx_word' id='word_1_96' title='bbox 777 2036 911 2107; x_wconf 87' lang='lat' dir='ltr'><strong>miseri</strong></span> <span class='ocrx_word' id='word_1_97' title='bbox 933 2055 1071 2124; x_wconf 87' lang='lat' dir='ltr'><strong>pecca-</strong></span> 
     </span>
     <span class='ocr_line' id='line_1_20' title="bbox 235 2136 1071 2228; baseline 0.005 -22"><span class='ocrx_word' id='word_1_98' title='bbox 235 2136 333 2207; x_wconf 85' lang='lat' dir='ltr'><strong>toris</strong></span> <span class='ocrx_word' id='word_1_99' title='bbox 348 2155 497 2206; x_wconf 90' lang='lat' dir='ltr'><strong>memor</strong></span> <span class='ocrx_word' id='word_1_100' title='bbox 518 2147 606 2208; x_wconf 79' lang='lat' dir='ltr'><strong>esse</strong></span> <span class='ocrx_word' id='word_1_101' title='bbox 623 2136 797 2225; x_wconf 89' lang='lat' dir='ltr'><strong>digneris</strong></span> <span class='ocrx_word' id='word_1_102' title='bbox 813 2136 920 2226; x_wconf 90' lang='lat' dir='ltr'><strong>apud</strong></span> <span class='ocrx_word' id='word_1_103' title='bbox 933 2136 1071 2228; x_wconf 87' lang='lat' dir='ltr'><strong>Deum,</strong></span> 
     </span>
     <span class='ocr_line' id='line_1_21' title="bbox 235 2236 1070 2328; baseline 0.005 -22"><span class='ocrx_word' id='word_1_104' title='bbox 235 2244 278 2308; x_wconf 92' lang='lat' dir='ltr'><strong>ut</strong></span> <span class='ocrx_word' id='word_1_105' title='bbox 313 2236 486 2324; x_wconf 91' lang='lat' dir='ltr'><strong>peccatis</strong></span> <span class='ocrx_word' id='word_1_106' title='bbox 525 2236 624 2308; x_wconf 85' lang='lat' dir='ltr'><strong>meis</strong></span> <span class='ocrx_word' id='word_1_107' title='bbox 660 2237 841 2309; x_wconf 88' lang='lat' dir='ltr'><strong>omnibus</strong></span> <span class='ocrx_word' id='word_1_108' title='bbox 874 2237 1070 2328; x_wconf 88' lang='lat' dir='ltr'><strong>benignus</strong></span> 
     </span>
     <span class='ocr_line' id='line_1_22' title="bbox 236 2333 1070 2426; baseline 0.001 -18"><span class='ocrx_word' id='word_1_109' title='bbox 236 2336 448 2426; x_wconf 81' lang='lat' dir='ltr'><strong>indulgeat,</strong></span> <span class='ocrx_word' id='word_1_110' title='bbox 472 2336 513 2406; x_wconf 92' lang='lat' dir='ltr'><strong>in</strong></span> <span class='ocrx_word' id='word_1_111' title='bbox 535 2337 681 2408; x_wconf 91' lang='lat' dir='ltr'><strong>bonam</strong></span> <span class='ocrx_word' id='word_1_112' title='bbox 696 2337 803 2409; x_wconf 88' lang='lat' dir='ltr'><strong>viam</strong></span> <span class='ocrx_word' id='word_1_113' title='bbox 825 2333 886 2409; x_wconf 89' lang='lat' dir='ltr'><strong>me</strong></span> <span class='ocrx_word' id='word_1_114' title='bbox 910 2337 1070 2409; x_wconf 92' lang='lat' dir='ltr'><strong>inducat</strong></span> 
     </span>
     <span class='ocr_line' id='line_1_23' title="bbox 238 2437 1070 2527; baseline -0.001 -16"><span class='ocrx_word' id='word_1_115' title='bbox 238 2437 339 2511; x_wconf 90' lang='lat' dir='ltr'><strong>etin</strong></span> <span class='ocrx_word' id='word_1_116' title='bbox 364 2457 411 2508; x_wconf 91' lang='lat' dir='ltr'><strong>ea</strong></span> <span class='ocrx_word' id='word_1_117' title='bbox 433 2446 653 2527; x_wconf 84' lang='lat' dir='ltr'><strong>conservet,</strong></span> <span class='ocrx_word' id='word_1_118' title='bbox 683 2458 756 2509; x_wconf 91' lang='lat' dir='ltr'><strong>nec</strong></span> <span class='ocrx_word' id='word_1_119' title='bbox 784 2459 808 2509; x_wconf 91' lang='lat' dir='ltr'><strong>a</strong></span> <span class='ocrx_word' id='word_1_120' title='bbox 832 2458 874 2510; x_wconf 87' lang='lat' dir='ltr'><strong>se</strong></span> <span class='ocrx_word' id='word_1_121' title='bbox 898 2458 1070 2527; x_wconf 87' lang='lat' dir='ltr'><strong>unquam</strong></span> 
     </span>
     <span class='ocr_line' id='line_1_24' title="bbox 238 2537 1070 2629; baseline 0.001 -20"><span class='ocrx_word' id='word_1_122' title='bbox 238 2537 441 2610; x_wconf 90' lang='lat' dir='ltr'><strong>discedere</strong></span> <span class='ocrx_word' id='word_1_123' title='bbox 459 2537 591 2627; x_wconf 92' lang='lat' dir='ltr'><strong>aliqua</strong></span> <span class='ocrx_word' id='word_1_124' title='bbox 606 2538 841 2611; x_wconf 87' lang='lat' dir='ltr'><strong>necessitate</strong></span> <span class='ocrx_word' id='word_1_125' title='bbox 856 2539 1070 2629; x_wconf 83' lang='lat' dir='ltr'><strong>permittat3</strong></span> 
     </span>
     <span class='ocr_line' id='line_1_25' title="bbox 238 2639 1070 2728; baseline -0.001 -18"><span class='ocrx_word' id='word_1_126' title='bbox 238 2640 309 2711; x_wconf 87' lang='lat' dir='ltr'><strong>sed</strong></span> <span class='ocrx_word' id='word_1_127' title='bbox 322 2639 592 2711; x_wconf 85' lang='lat' dir='ltr'><strong>adBeatorum</strong></span> <span class='ocrx_word' id='word_1_128' title='bbox 603 2639 854 2728; x_wconf 89' lang='lat' dir='ltr'><strong>consortium,</strong></span> <span class='ocrx_word' id='word_1_129' title='bbox 865 2639 1070 2714; x_wconf 85' lang='lat' dir='ltr'><strong>visionem-</strong></span> 
     </span>
     <span class='ocr_line' id='line_1_26' title="bbox 239 2740 1070 2830; baseline -0.004 -18"><span class='ocrx_word' id='word_1_130' title='bbox 239 2761 314 2830; x_wconf 93' lang='lat' dir='ltr'><strong>que</strong></span> <span class='ocrx_word' id='word_1_131' title='bbox 343 2741 427 2811; x_wconf 90' lang='lat' dir='ltr'><strong>eius</strong></span> <span class='ocrx_word' id='word_1_132' title='bbox 451 2741 723 2813; x_wconf 89' lang='lat' dir='ltr'><strong>delectabilem</strong></span> <span class='ocrx_word' id='word_1_133' title='bbox 750 2748 917 2828; x_wconf 88' lang='lat' dir='ltr'><strong>postte,</strong></span> <span class='ocrx_word' id='word_1_134' title='bbox 944 2740 1070 2826; x_wconf 86' lang='lat' dir='ltr'><strong>Pater,</strong></span> 
     </span>
     <span class='ocr_line' id='line_1_27' title="bbox 239 2840 1070 2930; baseline -0.002 -18"><span class='ocrx_word' id='word_1_135' title='bbox 239 2840 428 2929; x_wconf 88' lang='lat' dir='ltr'><strong>admittat,</strong></span> <span class='ocrx_word' id='word_1_136' title='bbox 451 2841 520 2913; x_wconf 91' lang='lat' dir='ltr'><strong>ubi</strong></span> <span class='ocrx_word' id='word_1_137' title='bbox 538 2848 667 2914; x_wconf 87' lang='lat' dir='ltr'><strong>tecum</strong></span> <span class='ocrx_word' id='word_1_138' title='bbox 685 2848 866 2930; x_wconf 90' lang='lat' dir='ltr'><strong>coetuque</strong></span> <span class='ocrx_word' id='word_1_139' title='bbox 891 2859 979 2911; x_wconf 91' lang='lat' dir='ltr'><strong>cum</strong></span> <span class='ocrx_word' id='word_1_140' title='bbox 1001 2840 1070 2911; x_wconf 94' lang='lat' dir='ltr'><strong>illo</strong></span> 
     </span>
    </p>
   </div>
   <div class='ocr_carea' id='block_1_9' title="bbox 0 0 1192 3564">
    <p class='ocr_par' dir='ltr' id='par_1_10' title="bbox 0 0 1192 3564">
     <span class='ocr_line' id='line_1_28' title="bbox 0 0 1192 3564; baseline 0 0"><span class='ocrx_word' id='word_1_141' title='bbox 0 0 1192 3564; x_wconf 95' lang='lat' dir='ltr'><strong> </strong></span> 
     </span>
    </p>
   </div>
  </div>
 </body>
</html>
