2356 3564
463 223 837 300 2-75-0

153 405 232 476 Sed
263 411 300 476 et
328 404 632 495 omnitempore
663 403 748 475 sive
778 422 875 474 cena
903 401 988 473 sive

153 506 379 579 refectionis
395 507 493 579 hora
509 507 566 578 sie
582 511 828 594 temperetur,
842 511 887 574 ut
901 501 987 575 luce

152 608 247 679 fiant
271 609 412 679 omnia.

196 793 289 862 xnir.
325 807 379 864 uu
398 807 495 864 posu
514 806 822 864 uouennronrun
841 750 947 863 nuno

456 889 683 960 noounuuu.

156 1057 158 1064 ·
242 1007 344 1079 Ouru
356 1015 531 1097 tempore
545 1005 744 1078 silentium
754 1006 898 1079 debent
910 1014 1099 1106 stu-ffi-

155 1108 246 1179 dere
269 1107 463 1196 monachi,
487 1107 656 1177 maxime
679 1114 809 1178 tamen
834 1113 1093 1177 noctur-unov-
1172 1139 1173 1142 ¹

153 1210 215 1281 nis
239 1209 360 1281 horis,
397 1209 446 1280 Et
470 1208 561 1279 ideo
587 1207 694 1277 omni
709 1214 886 1294 tempore
903 1207 988 1277 sive

153 1311 299 1383 ieiunii
314 1309 399 1382 sive
426 1309 600 1399 prandii:
629 1309 664 1379 si
690 1315 844 1396 tempus
874 1306 990 1378 fuerit

153 1411 321 1502 prandii,
352 1430 446 1481 mox
481 1417 524 1482 ut
554 1408 795 1481 surrexerint
827 1430 850 1480 a
883 1428 990 1493 cena,

154 1512 317 1586 sedeant
333 1533 467 1584 omnes
490 1512 533 1582 in
547 1532 678 1598 unum,
703 1519 741 1582 et
762 1511 868 1600 legat
887 1531 990 1582 unus

154 1614 396 1692 Collationes
411 1613 476 1687 vel
491 1613 605 1685 Vitas
621 1613 781 1683 Petrum
800 1619 866 1683 aut
887 1620 990 1684 certe

154 1715 263 1787 aliud
299 1714 407 1806 quod
445 1713 613 1785 aedificet
652 1712 857 1787 audientes
895 1713 989 1798 (non

154 1823 283 1887 autem
298 1814 614 1904 Heptateuchum
630 1821 696 1886 aut
712 1813 872 1902 Regum,
885 1813 990 1902 'quia

153 1915 317 1985 infirmis
332 1915 596 1987 intellectibus
619 1935 699 1986 non
716 1915 789 1987 erit
804 1913 899 1984 utile
921 1913 990 1985 illa

152 2015 252 2085 hora
288 2015 390 2086 hanc
428 2013 669 2105 Scripturam
709 2014 844 2085 audire
851 2035 860 2102 3
900 2014 989 2085 aliis

153 2135 248 2188 vero
264 2114 374 2186 horis
391 2115 645 2204 legantur),-
656 2114 691 2187 si
709 2123 838 2187 autem
852 2115 990 2187 ieiunii

154 2217 240 2288 dies
262 2216 389 2304 fuerit,
414 2216 519 2288 dicta
531 2216 710 2307 Vespera
731 2236 857 2307 parvo
875 2217 990 2288 inter-

151 2317 260 2391 vallo
283 2337 377 2389 mox
396 2318 585 2391 accedunt
609 2317 884 2390 adlectionem
900 2318 988 2390 Col-

151 2417 353 2507 lationum,
367 2425 411 2491 ut
426 2418 615 2510 diximus;
641 2427 679 2492 et
691 2418 804 2490 lectis
821 2426 990 2508 quatuor

154 2518 417 2612 autquinque
449 2517 556 2590 foliis
579 2521 645 2592 vel
674 2526 862 2609 quantum
889 2517 988 2590 hora

152 2619 350 2708 permittit,
376 2620 557 2692 omnibus
581 2621 622 2692 in
643 2641 763 2692 unum
784 2639 987 2691 occurren·

152 2720 258 2792 tibus
282 2721 472 2811 perhanc
491 2742 643 2794 moram
660 2720 842 2792 lectionis
867 2720 902 2791 si
919 2721 987 2809 qui

152 2821 252 2892 forte
282 2821 323 2892 in
346 2822 548 2912 assignato
577 2823 655 2895 sibi
678 2821 889 2894 commisso
913 2819 987 2893 fuit

155 2929 380 3012 occupatus,
394 2964 438 2972 —
455 2944 589 2998 omnes
609 2943 703 3013 ergo
722 2922 764 2994 in
783 2941 903 2994 unum
917 2941 987 3011 po·
