2356 3564
556 208 710 280 -132
757 183 811 258 -“

261 406 347 457 mus
370 405 441 475 per
463 386 549 456 haec
571 385 819 474 temporalia,
848 391 891 457 ut
914 385 965 457 ad
989 393 1100 458 aeter-

261 507 352 557 nam
383 486 553 576 patriam
587 485 824 576 quandoque
851 486 1024 559 victores
1063 497 1101 561 et

263 587 489 675 coronandi,
502 596 803 676 sanctorumque
815 587 1100 660 Monachorum

215 735 218 743 -
263 688 431 760 coetibus
463 687 677 776 inserendi,
714 687 921 777 pervenire
952 709 1100 761 merea-

262 811 358 861 mur.
381 789 456 863 Per
469 790 668 862 Christum
683 788 894 860 Dominum
909 796 1099 863 nostrum.

263 893 399 964 Amen.

577 1053 786 1062 ——n—

380 1186 496 1260 Oratio
520 1185 637 1260 Sancti
659 1186 774 1259 Patris
798 1188 981 1262 Benedicti.

350 1339 535 1430 Digneris
549 1339 647 1409 mihi
664 1338 821 1428 donare,
839 1341 955 1412 Pater
974 1342 1041 1431 pie
1064 1352 1103 1414 et

265 1449 409 1531 sancte,
445 1441 684 1512 intellectum
720 1441 788 1530 qui
821 1449 859 1514 te
895 1441 1101 1532 intelligat,

264 1561 423 1612 sensum
448 1539 515 1631 qui
538 1548 576 1612 te
600 1539 753 1629 sentiat,
775 1540 946 1613 animum
970 1543 1102 1632 quite

265 1642 405 1731 sapiat,
429 1641 674 1731 diligentiam
694 1660 783 1729 quae
800 1648 838 1713 te
855 1653 1015 1734 quaerat,
1040 1666 1102 1716 sa·

264 1743 453 1835 pientiam
469 1763 558 1832 quae
576 1751 614 1814 te
631 1741 818 1830 inveniat,
843 1743 1014 1815 animum
1032 1747 1103 1836 qui

264 1853 301 1915 te
334 1853 558 1933 cognoseat,
587 1844 742 1917 viscera
771 1863 860 1932 quae
890 1851 928 1915 te
959 1853 1103 1936 ament,

265 1965 333 2016 cor
356 1945 464 2035 quod
484 1951 522 2016 te
547 1944 706 2035 cogitet,
732 1952 860 2016 aetum
882 1945 950 2034 qui
972 1953 1010 2018 te
1033 1967 1103 2016 au·
1152 2039 1153 2042 Ἴ

264 2054 364 2136 geat,
382 2046 558 2118 auditum
575 2047 643 2137 qui
658 2053 696 2118 te
711 2046 856 2135 audiat,
876 2047 1013 2118 oculos
1030 2048 1102 2137 qui
1152 2049 1153 2076 ¹

264 2156 302 2219 te
325 2147 497 2235 videant,
525 2148 700 2238 linguam
725 2168 813 2237 quae
837 2156 875 2221 te
898 2148 1101 2238 praedicet,

265 2248 604 2320 conversationem
628 2268 717 2338 quae
738 2248 813 2320 tibi
834 2249 1003 2338 placeat,
1031 2271 1101 2339 pa-

264 2348 441 2422 tientiam
458 2369 546 2440 quae
567 2358 604 2420 te
622 2343 823 2438 sustineat,
845 2369 1101 2439 perseverari·
1151 2401 1152 2404 ,

264 2451 359 2522 tiam
372 2470 461 2540 quae
473 2459 511 2522 te
525 2457 735 2540 exspectet,
745 2450 861 2522 finem
873 2450 1101 2541 perfectum,

264 2553 516 2642 praesentiam
527 2559 634 2624 tuam
648 2559 832 2637 sanctam,
849 2551 1102 2624 resurrectio·

266 2675 353 2726 nem
367 2653 523 2743 bonam,
540 2654 835 2726 retributionem
850 2653 973 2726 vitam
990 2661 1102 2727 aeter·

264 2775 364 2827 nam.
401 2753 537 2827 Amen.
