2366 3556
456 169 697 244 ..1X·...

241 349 308 421 Ad
334 349 546 438 genuinum
575 353 726 420 textum
753 351 900 417 sanctae
920 344 992 416 Re-

155 477 260 566 gulae
290 475 556 548 exhibendum
583 475 760 548 studiose
783 473 993 562 perlustra-

155 588 285 677 vimus
308 612 346 676 et
369 603 471 674 inter
485 623 529 674 se
546 601 782 674 contulimus
801 606 994 689 quotquot

121 799 130 805 ,
156 732 285 804 adhuc
306 737 462 803 exstant
485 739 523 802 et
546 750 714 820 quorum
730 727 911 800 notitiam
927 726 994 798 ha·

154 858 248 929 bere
270 855 470 946 potuimus
498 856 775 946 antiquissima
798 854 993 943 exempla-

23 1019 37 1043 ν
154 984 230 1073 ria,
259 983 526 1074 optimumque
556 980 835 1055 emendatioris
863 999 994 1050 recen·

156 1110 281 1182 sionis
293 1109 611 1200 sanctaeRegulae
620 1107 876 1198 Sangallense
887 1107 995 1196 quod

156 1229 277 1326 supra
300 1238 552 1332 laudavimus
577 1237 785 1326 elegimus,
811 1243 854 1308 ut
877 1235 995 1307 huius

156 1363 348 1435 editionis·
366 1363 494 1436 codex
514 1365 567 1435 sit
585 1364 782 1454 princeps.
820 1361 920 1434 Eum
940 1370 995 1435 ta·

155 1509 245 1561 men
258 1510 334 1580 ope
350 1490 518 1561 aliorum
530 1490 711 1563 codicum
722 1490 892 1562 maxime
903 1490 996 1561 Vin·

156 1615 400 1688 dobonensis
422 1623 460 1688 et
478 1615 798 1706 TegemseensiS‚
823 1617 891 1706 qui
912 1637 996 1706 prae

156 1719 297 1814 ceteris
319 1743 501 1814 omnibus
522 1741 671 1813 maiore
692 1743 843 1831 pollent
864 1750 995 1814 aucto·

156 1868 270 1940 ritate
285 1868 326 1938 in
338 1869 476 1957 paucis
493 1868 605 1956 locis
620 1867 689 1939 ubi
706 1867 888 1956 quaedam
903 1865 995 1937 defi-

157 1995 313 2080 ciebant
337 1995 543 2067 emendare
568 1993 700 2066 conati
723 2013 868 2065 sumus

244 2121 425 2194 Ceterum
453 2126 695 2209 compertum
720 2125 780 2190 est
811 2118 994 2190 omnibus

38 2330 48 2356 ο
157 2249 227 2340 qui
258 2248 442 2338 antiquos
474 2246 632 2319 codices
666 2247 774 2318 illius
805 2247 995 2337 temporis

156 2383 317 2463 norunt,
347 2375 492 2446 multos
519 2373 577 2444 ibi
605 2373 771 2463 reperiri
799 2373 996 2444 barbaris·

156 2502 275 2590 ιιῑοε,1
299 2521 400 2591 quos
424 2502 569 2592 partim
594 2501 754 2592 quidem
778 2502 925 2572 saeculo
941 2499 996 2570 VI

233 2707 239 2737 ¹
257 2703 301 2760 Ne
314 2709 409 2758 temen
422 2703 489 2758 inde
502 2703 653 2773 inferatur,
666 2709 796 2758 sanctum
810 2701 996 2757 Benedictum

158 2799 320 2854 eruditione
346 2799 489 2871 caruisse..
525 2799 646 2870 Scripsit
675 2799 751 2854 enim
778 2804 906 2868 tempore
938 2812 996 2866 quo

157 2896 262 2978 linguae
281 2909 353 2976 quas
378 2905 511 2958 romanas
529 2909 665 2958 vocamus
690 2910 725 2952 ex
749 2893 883 2955 idiomate
907 2893 996 2953 latino
