2366 3556
400 213 415 243 ο
516 179 731 250 -24-

290 353 408 443 Spem
436 376 548 428 suam
569 355 655 426 Deo
682 353 930 425 committere.
946 352 1036 446 ¹Bo-

204 475 297 525 num
329 455 481 545 aliquid
508 456 551 526 in
579 477 621 527 se
647 475 735 526 cum
762 453 921 540 viderit,
952 453 1037 525 Deo

206 557 388 646 applicet,
404 577 484 629 non
501 557 594 643 sibi3
614 557 758 626 malum
775 575 870 628 vero
886 575 1040 644 semper

205 677 228 727 a
257 676 299 728 se
325 657 470 730 factum
497 659 598 730 sciat
626 665 664 729 et
696 657 774 728 sibi
805 664 968 748 reputet.
997 698 1040 705 —

204 755 318 830 Diem
347 758 485 831 iudicii
517 759 663 831 timere.
715 758 944 830 Gehennam
978 777 1042 830 ex·

206 879 429 949 pavescere.
468 860 601 933 Vitam
622 868 808 933 aeternam
830 859 938 930 omni
953 879 1042 930 con·

207 959 451 1050 cupiscentia
474 961 644 1052 spiritali
668 960 904 1032 desiderare.
943 960 1043 1032 Mor-

207 1068 285 1132 tem
316 1063 493 1151 quotidie
525 1071 614 1134 ante
648 1063 782 1135 oculos
820 1069 1043 1151 suspectam

208 1162 365 1254 habere.

104 1277 191 1340 wau-
297 1263 425 1332 Actus
448 1262 542 1335 vitae
563 1282 646 1334 suae
670 1262 775 1334 omni
796 1263 895 1334 hora
918 1268 1044 1332 custo·

102 1334 135 1424 {32
145 1343 199 1436 titt
211 1362 305 1434 dire.
329 1402 373 1410 -
394 1362 441 1434 In
465 1363 572 1435 omni
593 1363 682 1434 loco
706 1360 831 1433 Deum
857 1382 899 1432 se
922 1361 1044 1451 respi-

210 1483 296 1534 cere
320 1483 393 1553 pro
414 1471 520 1536 certo
544 1463 654 1534 scire.

298 1563 569 1656 Cogitationes
598 1561 722 1634 malas
746 1562 858 1634 cordi
881 1582 955 1633 suo
980 1561 1045 1632 ad·

210 1665 414 1738 venientes
444 1685 538 1737 mox
571 1666 623 1738 ad
650 1664 851 1737 Christum
883 1663 1045 1734 allidere

211 1775 249 1838 et
278 1766 427 1838 seniori
457 1761 626 1857 spiritali
658 1764 889 1855 patefacere.
919 1803 957 1812 -
993 1762 1046 1834 Os

212 1889 325 1939 suum
348 1889 371 1939 a
395 1869 499 1940 malo
521 1869 587 1940 vel
601 1883 726 1959 pravo
744 1865 903 1956 eloquio
920 1872 1047 1937 custo·

213 1969 313 2056 dire;
336 1968 499 2040 multum
522 1969 633 2058 loqui
655 1987 738 2040 non
754 1987 903 2053 amare3
925 1967 1048 2038 verba

212 2089 316 2140 vana
340 2076 406 2142 aut
428 2068 527 2142 risui
551 2076 643 2159 apta
666 2081 746 2140 non
768 2068 897 2158 loqui;
927 2068 1048 2138 risum

213 2170 375 2241 multum
399 2178 465 2242 aut
490 2191 700 2244 excussum
721 2191 801 2242 non
823 2189 963 2242 amare.

300 2271 506 2358 Lectiones
529 2281 686 2344 sanctas
713 2273 879 2344 libenter
902 2268 1047 2341 audire.

148 2378 155 2387 “
215 2370 393 2442 Orationi
421 2371 644 2461 frequenter
667 2372 900 2444 incumbere.
936 2369 1049 2470 ‘Mala

215 2493 287 2544 sua
310 2472 510 2562 praeterita
533 2494 621 2544 curn
632 2472 807 2546 lacrimis
823 2472 889 2543 vel
904 2471 1050 2560 gemitu

217 2573 393 2664 quotidie
417 2573 459 2644 in
482 2575 660 2646 oratione
676 2571 761 2644 Deo
783 2571 975 2660 confiteri3
1001 2570 1049 2642 de

216 2675 316 2765 ipsis
340 2674 455 2745 malis
479 2673 528 2746 de
552 2683 680 2747 cetero
703 2674 924 2746 emendare:
949 2673 1049 2746 desi·

218 2777 327 2848 deria
356 2777 485 2847 carnis
507 2796 586 2870 non
614 2776 782 2862 efficere,
809 2776 1051 2848 voluntatem

217 2877 419 2968 propriam
443 2878 568 2949 odire:
591 2877 802 2968 praeceptis
818 2879 987 2950 Abbatis
1010 2878 1051 2948 in

982 3135 1003 3178 ὁ
