2366 3556
436 195 652 289 ‘555‘

126 369 241 442 fuerit
259 371 594 462 reprehensibilis,
619 378 821 459 correptus
838 369 959 441 semel

126 479 164 541 et
185 471 325 543 iterum
341 480 458 562 atque
472 471 599 559 tertio,
616 471 651 542 si
668 469 874 542 emendare
890 489 958 540 no-

124 573 257 663 luerit,
283 575 489 663 deiciatur,
513 581 551 646 et
575 573 672 644 alter
694 573 735 643 in
758 573 847 646 loeo
872 572 957 644 eius

127 675 194 764 qui
225 676 368 765 dignus
399 685 458 747 est
492 675 734 764 subrogetur.
763 714 805 722 -—
829 674 878 746 Et
910 675 958 744 de

127 774 345 865 Praeposito
371 777 508 848 eadem
530 776 814 847 constituimus

166 978 260 1034 XXII.
294 979 482 1047 QUOMODO
501 977 710 1036 DORMIANT
727 977 914 1035 MONACHI.

212 1079 370 1152 Surdum
400 1099 472 1168 per
502 1080 658 1170 singula
685 1081 787 1152 lecta
816 1079 1063 1180 dormi-²222&
1082 1067 1107 1118 V

128 1187 203 1252 ant.
217 1219 261 1228 —
276 1180 534 1253 Lectistemia
557 1200 630 1269 pro
654 1180 773 1252 modo
798 1199 958 1252 conver·
975 1191 1062 1288 {3332

128 1283 291 1355 sationis
305 1282 519 1355 seeundum
532 1281 868 1371 dispensationem
880 1280 959 1353 Ab·

5 1385 7 1389 ’
127 1384 228 1455 batis
256 1384 319 1455 sui
341 1383 547 1473 accipiant.
572 1391 614 1431 :-
637 1381 680 1453 Si
708 1389 840 1472 potest
865 1384 959 1472 fieri,

128 1506 260 1557 omnes
283 1486 324 1556 in
348 1505 428 1556 uno
448 1484 538 1556 loco
563 1484 774 1574 dormiant3
804 1485 865 1556 sin
894 1492 959 1556 au·
1062 1559 1065 1570 ,
1177 1477 1178 1558 ᾗ

127 1594 205 1656 tem
225 1586 433 1658 multitudo
457 1606 537 1657 non
560 1586 668 1676 sinit,
697 1585 789 1657 deni
814 1594 880 1657 aut
903 1588 959 1658 vi·

93 1720 94 1726 1
128 1688 213 1758 ceni
246 1708 334 1759 cum
371 1687 594 1759 senioribus
630 1688 698 1777 qui
734 1707 853 1778 super
889 1707 958 1759 eos

127 1788 285 1861 solliciti
307 1789 395 1876 sint,
419 1798 596 1879 pausent.
611 1829 655 1837 —
670 1787 845 1860 Candela
861 1788 958 1878 iugi-

127 1897 185 1960 ter
207 1891 247 1960 in
270 1890 408 1962 eadem
424 1891 523 1961 cella
540 1889 676 1961 ardeat
690 1909 815 1980 usque
834 1909 957 1960 mane.

213 1989 356 2062 Vestiti
379 1989 575 2061 dormiant
598 1998 637 2061 et
657 1990 774 2060 cincti
791 1989 958 2078 cingulis

128 2099 195 2162 aut
209 2091 396 2180 funibus,¹
418 2100 462 2163 ut
477 2091 657 2163 cultellos
675 2111 770 2163 suos
789 2091 840 2161 ad
855 2091 958 2162 latus

128 2214 241 2290 suum
260 2212 340 2264 non
363 2193 545 2280 habeant,
570 2192 663 2262 dum
678 2192 885 2279 dormiunt,
909 2213 958 2264 ne

126 2295 226 2367 forte
246 2315 316 2385 per
340 2314 520 2366 somnum
538 2293 743 2366 vulnerent
766 2294 958 2366 dormien-

126 2405 214 2486 tem,
239 2405 277 2468 et
297 2403 340 2467 ut
355 2395 483 2486 parati
501 2395 579 2466 sint
599 2394 783 2466 monachi
805 2414 959 2483 semper

127 2505 165 2569 et
187 2496 292 2570 facto
314 2496 428 2586 signo
453 2497 603 2586 absque
625 2516 736 2568 mora
755 2504 958 2585 surgente·

126 2596 309 2670 festinent
350 2596 520 2669 invicem
565 2616 609 2668 se
644 2597 863 2688 praevenire
907 2596 959 2666 ad

128 2699 236 2790 Opus
259 2699 347 2789 Dei,
372 2719 459 2770 cum
483 2699 589 2770 omni
612 2707 742 2770 tamen
765 2699 958 2788 gravitate
1056 2737 1059 2748 κ

207 2857 214 2887 ¹
240 2856 376 2917 Cingulum
397 2857 509 2907 interdiu
530 2854 682 2918 gestandum
702 2855 843 2904 vocabatur
862 2855 958 2904 bracile

128 2928 206 2993 (conf.
218 2941 272 2990 cap.
284 2927 324 2990 65)
335 2928 373 2974 cui
384 2935 470 2975 assuta
481 2935 536 2974 erat
545 2925 639 2985 vagina
651 2923 733 2974 cultri.
