2356 3564
502 196 722 269 ..75-

195 375 261 446 siti
282 375 513 463 compleant,
537 381 575 446 et
599 379 785 445 exeuntes
809 394 833 443 a
848 371 1027 462 Comple-

179 475 296 547 'torio
317 474 425 546 nulla
449 475 500 548 sit
522 475 681 547 licentia
698 474 827 545 denuo
845 472 1028 562 cuiquam

193 576 304 666 loqui
327 575 488 665 aliquid.

281 677 396 774 Quod
420 677 455 747 si
478 678 661 750 inventus
682 675 799 746 luerit
819 674 1028 764 quisquam

193 777 446 866 praevaricari
475 777 577 848 hanc
606 774 885 848 taciturnitatis
915 794 1026 864 regu-

191 878 281 967 lam,
296 879 409 967 gravi
420 879 609 951 vindictae
626 877 842 964 subiaceat3
860 882 1025 965 excepto

193 979 228 1050 si
259 980 476 1051 necessitas
510 978 712 1069 hospitum
745 976 1026 1067 supervenerit,

193 1087 259 1151 aut
281 1081 381 1152 forte
405 1080 542 1152 Abbas
573 1079 692 1151 alicui
721 1078 873 1168 aliquid
903 1078 1026 1149 iusse-

190 1181 256 1268 rit;
279 1181 387 1270 quod
407 1188 537 1252 tamen
561 1189 599 1254 et
621 1181 740 1270 ipsud
764 1199 853 1251 cum
876 1198 1026 1250 summa

118 1290 120 1292 ’
190 1282 385 1370 gravitate
432 1289 470 1355 et
517 1280 786 1355 moderatione
831 1279 1025 1351 honestis·

191 1383 290 1455 sima
313 1384 390 1455 fiat.

199 1583 306 1638 XLIII.
342 1583 394 1637 DE
413 1581 476 1638 HIS
496 1583 565 1650 QUI
583 1581 640 1637 AD
659 1581 757 1658 OPUS
775 1581 843 1636 DEI
862 1579 938 1636 VEL
957 1579 1012 1634 AD

317 1664 477 1722 MENSAM
496 1664 630 1719 TARDE
650 1663 897 1723 oedURRUNT.

78 1795 181 1885 ajunt·
278 1782 341 1852 An
362 1797 493 1848 nonan
532 1780 658 1853 divini
687 1779 816 1852 Officii
852 1800 946 1851 mox
980 1788 1023 1850 ut

86 1849 179 1939 islo.
192 1882 367 1955 auditum
390 1881 506 1954 fuerit
532 1881 702 1971 signum,
730 1881 878 1953 relictis
903 1882 1023 1952 omni·

188 1985 263 2056 bus
276 1983 462 2073 quaelibet
476 1981 1025 2054 fuerintinmanibussumma

190 2106 278 2156 cum
299 2085 550 2157 festinatione
575 2090 760 2172 curratur,
785 2103 874 2154 cum
896 2083 1023 2172 gravi·

189 2193 269 2258 tate
293 2193 432 2272 tamen,
447 2193 499 2270 ,ut
519 2205 600 2255 non
615 2183 832 2255 scurrilitas
848 2184 1024 2256 inveniat

69 2344 73 2351 .
178 2287 372 2373 ¹fomitem.
418 2287 522 2375 Ergo
551 2285 651 2357 nihil
681 2285 800 2375 Operi
822 2284 898 2356 Dei
924 2305 1023 2375 prae·

188 2393 368 2477 ponatur.

277 2485 392 2570 Quod
416 2484 451 2555 si
475 2484 563 2574 quis
588 2485 629 2557 in
646 2484 848 2556 nocturnis
865 2483 1022 2572 Vigiliis

189 2594 281 2676 post
324 2583 544 2674 „Gloriam
587 2585 732 2674 psalmi
775 2583 1023 2673 nonagesimi

190 2686 329 2774 quarti,
351 2704 466 2774 quem
487 2693 649 2774 propter
664 2685 740 2756 hoc
757 2685 916 2757 omnino
934 2684 1022 2756 sub-

188 2786 379 2859 trahendo
404 2793 442 2857 et
465 2806 621 2858 morose
638 2785 821 2859 volumus
845 2785 935 2873 dici,
960 2805 1022 2857 oc·

189 2887 365 2976 currerit,
401 2907 482 2986 non
516 2887 667 2980 stetin
703 2887 839 2960 ordine
872 2907 944 2958 suo
980 2887 1021 2958 in
1101 2956 1106 2967 ,
