2356 3564
546 253 590 268 -·
636 215 719 288 140,
750 255 794 266 -·

565 337 568 342 '
800 337 804 367 l
1041 345 1091 385 ras·

254 391 284 448 C.
297 392 338 446 10.
357 391 487 459 Qualiter
499 392 607 446 aestatis
621 397 749 463 tempore
763 397 864 461 agatur
877 397 1020 446 nocturna

356 479 435 534 Laus
437 520 1017 535 .........
1057 481 1090 534 41

265 609 280 638 ,,
295 570 336 624 11.
357 569 486 636 Qualiter
496 569 598 624 diebus
609 569 758 624 dominicis
766 569 877 638 Vigiliae
886 575 1018 638 agantur.
1057 570 1091 622 42

266 697 281 724 ‚‚
296 655 337 710 12.
357 656 506 724 Quomodo
515 655 724 710 Matutinorum
733 656 898 711 solemnitas
907 662 1016 724 agatur.
1055 656 1089 708 44

264 783 279 810 ,‚
294 743 336 796 13.
355 741 479 798 Privatis
494 742 595 797 diebus
609 743 732 811 qualiter
746 746 866 811 agantur
876 741 1017 797 Matutini.
1055 744 1090 795 44

264 871 279 900 ‚‚
294 830 335 884 14.
355 829 389 884 In
406 829 543 884 natalitiis
564 827 735 885 Sanctorum
753 829 877 898 qualiter
896 834 1018 898 agantur

355 917 466 987 Vigiliae
468 957 1016 974 ........
1055 919 1091 972 46

264 1049 279 1076 ,,
293 1007 334 1064 15.
354 1006 510 1076 ‚‚Alleluia“
524 1006 630 1076 quibus
645 1006 823 1076 temporibus
837 1007 956 1061 dicatur.
1010 1046 1016 1059 .
1055 1006 1091 1060 46

264 1137 279 1164 .‚
294 1096 335 1150 16.
356 1095 485 1162 Qualiter
498 1094 596 1148 divina
610 1093 705 1164 Opera
718 1109 770 1163 por
785 1094 860 1149 diem
873 1099 1002 1163 agantur.
1055 1095 1092 1148 41

263 1223 278 1250 ‚‚
293 1182 335 1237 17.
354 1181 430 1249 Quot
452 1179 555 1250 psalmi
577 1197 629 1250 per
652 1181 767 1236 easdem
787 1181 882 1236 Horas
902 1180 1017 1235 dicendi

355 1274 422 1322 sunt
424 1307 1016 1324 .........
1055 1272 1093 1325 48

263 1396 279 1425 „
293 1357 333 1409 18.
354 1355 417 1423 Quo
431 1355 531 1409 ordine
545 1355 600 1423 ipsi
613 1355 714 1423 psalmi
728 1355 842 1410 dicendi
856 1361 931 1410 sunt.
1010 1398 1016 1411 .
1054 1359 1093 1411 49

264 1483 280 1511 ,,
294 1442 336 1496 19.
355 1442 399 1496 De
410 1441 559 1511 disciplina
572 1442 720 1512 psallendi.
772 1484 778 1497 .
851 1483 856 1497 .
929 1483 934 1496 .
1010 1485 1015 1497 .

263 1569 279 1596 „
293 1528 335 1583 20.
354 1528 399 1583 De
412 1528 573 1582 reverentia
589 1528 733 1582 orationis.
771 1570 777 1584 .
850 1571 855 1583 .
929 1570 934 1583 .
1009 1570 1015 1582 .

323 1708 382 1782 IV.
406 1709 456 1780 De
479 1707 563 1781 Vita
585 1709 786 1783 Monasterii
809 1712 1005 1785 domestica.

518 1851 553 1906 A.
571 1816 614 1909 Do
633 1851 813 1909 Fratribus.

250 1975 281 2031 C.
295 1975 337 2030 21.
356 1976 401 2030 De
414 1973 539 2029 Decanis
552 1973 727 2028 monasterii.
771 2014 776 2026 .
850 2013 856 2027 .
927 2013 933 2026 .

260 2062 330 2130 „22
350 2060 499 2129 Quomodo
513 2059 657 2114 dormiant
671 2058 811 2114 monaehi.
849 2100 855 2113 .
927 2100 933 2113 .
1008 2102 1014 2115 .

260 2190 275 2218 „
289 2149 331 2203 23.
350 2149 396 2203 Do
408 2147 700 2202 excommunicatione
713 2148 870 2216 culparum.
927 2188 932 2201 .
1007 2190 1013 2203 .
1054 2187 1061 2204 .

259 2234 330 2303 „24
350 2233 449 2301 Qualis
473 2233 558 2289 debet
580 2250 643 2290 esse
660 2235 764 2288 modus
787 2236 1013 2290 exeommunica-

351 2321 445 2376 tionis.
535 2363 541 2378 .
613 2365 619 2377 .
691 2363 698 2376 .
769 2364 774 2377 .

259 2449 274 2477 ,‚
287 2408 329 2463 25.
347 2408 392 2462 De
404 2409 585 2477 gravioribus
598 2409 697 2479 culpis.
766 2452 772 2464 .
846 2451 852 2464 .
926 2451 931 2464 .
1007 2453 1014 2467 .

260 2534 276 2561 „
288 2493 332 2550 26.
351 2494 396 2547 Da
415 2495 459 2549 his
478 2495 528 2564 qui
548 2497 609 2551 sine
629 2497 754 2552 iussione
774 2497 894 2566 iungunt
913 2512 945 2552 se
965 2513 1013 2552 ex·

350 2583 573 2640 communicatis.
610 2625 616 2638 .
675 2647 677 2650 ,
689 2624 1012 2642 .....
1052 2589 1089 2642 58
1119 2569 1120 2610 ³

259 2708 273 2736 ‚,
288 2667 329 2723 27.
351 2668 480 2736 Qualiter
490 2670 593 2726 debeat
602 2671 702 2726 Abbas
712 2672 850 2726 sollicitus
860 2686 922 2726 esse
932 2672 1011 2727 circa

350 2759 608 2814 excommunicatos
610 2800 1012 2816 ......
1052 2765 1089 2818 58
1118 2791 1119 2800 ¹

259 2884 275 2911 ‚‚
289 2843 331 2899 28.
349 2845 394 2899 De
411 2844 456 2899 his
472 2844 521 2912 qui
538 2847 643 2916 saepius
657 2846 783 2914 correpti
795 2846 947 2901 emendare
961 2863 1012 2901 no-

271 2937 276 2946 *
349 2929 454 2986 luerint
455 2969 1011 2990 ........
1051 2937 1088 2990 60

1115 3013 1118 3192 l
