2366 3556
531 149 756 220 ..50-

229 325 422 399 decimum
444 323 649 415 psalmum,
673 325 728 396 ita
748 345 854 414 sane,
877 331 919 396 ut
933 343 1058 396 nonus

227 428 404 517 psalmus
428 432 466 498 et
488 425 678 517 septimus
695 425 869 497 decimus
890 425 1059 515 partian-

227 525 346 598 turin
366 526 492 598 binos.
530 526 580 597 Et
603 525 661 598 sic
684 527 736 612 fit,
760 535 803 598 ut
827 526 878 597 ad
892 525 1059 616 Vigilias

229 627 426 699 dominica
470 648 624 717 semper
666 651 689 700 a
730 628 924 718 vigesimo
968 627 1058 700 inci·

228 729 368 820 piatur.

122 841 213 936 ²33¹&
170 842 215 885 ‘'r-b
316 830 380 903 Ao
401 847 565 898 rnaamu
588 851 694 919 vero,
718 829 878 902 Sextam
891 829 1060 900 Nonam·

125 949 158 988 2³
169 926 213 990 ootl
233 952 308 1022 que
344 933 528 1005 secundae
563 932 672 1005 feriae
708 951 852 1003 novem
889 930 1061 1020 capitula

231 1054 320 1124 quae
335 1034 494 1107 residua
515 1041 606 1106 sunt
626 1033 674 1106 de
691 1031 903 1106 centesimo
920 1040 1061 1103 octavo

227 1135 379 1206 decimo
394 1135 595 1224 psalmo,
584 1154 672 1224 rpsa
688 1142 798 1204 tema
815 1152 887 1221 per
903 1133 1062 1204 easdem

225 1236 355 1308 Horas
372 1237 560 1308 dicantur.
590 1236 778 1324 Expenso
795 1254 888 1323 ergo
905 1234 1061 1322 psalmo
1160 1310 1161 1338 χ

226 1337 438 1409 centesimo
463 1343 604 1409 octavo
625 1336 777 1407 decimo
803 1333 958 1405 duobus
981 1334 1061 1406 die·
1161 1374 1162 1394 ι

225 1438 310 1526 bus,
335 1438 377 1510 id
401 1445 462 1509 est
477 1439 675 1511 dominico
701 1444 739 1509 et
755 1436 929 1510 secunda
952 1436 1061 1526 feria,
1162 1438 1163 1456 ³

225 1539 339 1611 tertia
370 1539 469 1611 feria
502 1542 581 1612 iam
614 1541 665 1612 ad
690 1540 873 1628 Tertiam,
901 1540 1063 1612 Sextam
1164 1568 1165 1574 ¹

225 1640 289 1713 vel
312 1641 469 1714 Nonam
491 1643 711 1732 psallantur
733 1642 833 1714 temi
856 1642 1010 1733 psalmi,
1037 1665 1062 1714 a
1166 1698 1167 1704 ι

227 1741 439 1814 centesimo
469 1763 574 1815 nono
605 1742 758 1815 decimo
784 1762 910 1832 usque
935 1752 1062 1815 cente·
1167 1764 1168 1774 ¹

226 1843 367 1915 simum
400 1843 635 1934 vigesimum
669 1843 888 1933 septimum,
925 1842 968 1913 id
1001 1851 1063 1915 est

224 1945 368 2032 psalmi
404 1965 563 2034 novem3
604 1944 750 2035 quique
788 1944 932 2034 psalmi
962 1965 1062 2016 sem·

224 2065 295 2135 per
340 2066 465 2136 usque
508 2045 746 2118 dominicam
788 2065 859 2136 per
901 2046 1063 2116 easdem

224 2145 355 2217 Horas
384 2145 521 2218 itidem
555 2152 780 2237 repetantur
812 2145 1062 2236 (hymnorum

224 2246 496 2336 nihilominus
530 2247 742 2320 lectionum
774 2247 839 2319 vel
874 2267 1062 2318 versuum

139 2360 142 2368 '
177 2437 180 2442 .
225 2347 486 2438 dispositione
520 2349 705 2422 uniformi
738 2348 887 2420 cunctis
918 2347 1060 2419 diebus

224 2451 402 2539 servata),
431 2458 469 2522 et
494 2452 550 2523 ita
575 2451 725 2524 scilicet
754 2470 909 2540 semper
935 2450 1060 2523 domi·

222 2551 312 2624 nica
336 2574 359 2624 a
382 2553 594 2626 centesimo
620 2561 761 2626 octavo
788 2552 939 2625 decimo
964 2551 1059 2623 inci·

222 2650 359 2738 pietur.

111 2763 143 2802 2⁸·
158 2758 212 2821 roa
309 2752 485 2823 Vnsnnal
518 2760 647 2825 autem
679 2754 855 2845 quotidie
889 2775 966 2844 qua
968 2762 1059 2826 tuor

118 2812 196 2906 {gan
163 2843 205 2907 ult
223 2853 466 2944 psalmorum
488 2854 755 2927 modulatione
775 2862 946 2927 canatur
980 2855 1059 2940 Qui
