2356 3564
485 179 645 252 -110
692 219 732 229 -

86 367 145 459 ξς
128 378 178 472 aur.
281 353 425 438 QUOD
408 371 456 422 11
462 363 528 428 aut
542 356 654 429 locus
672 355 830 445 expetit,
854 362 921 427 aut
936 375 1026 428 con-

86 421 119 512 ἐξ.
128 431 368 545 iligregatio
384 457 541 548 petierit
555 456 843 530 rationabiliter
858 477 946 529 cum
954 458 1026 528 hu·

189 556 364 644 militate,
382 564 420 628 et
434 557 572 628 Abbas
589 557 824 630 iudicaverit
839 556 1025 647 expedire

189 695 232 704 -
264 645 546 747 quemcumque
582 657 745 747 elegerit
764 657 903 732 Abbas
938 677 1025 729 cum

190 757 357 830 consilio
381 758 544 830 fratrum
564 757 783 830 timentium
804 757 941 844 Deum,
966 779 1024 830 or·

116 889 119 894 ·
190 856 333 929 diuet
321 877 408 949 rpse
432 858 510 930 sibi
531 857 804 947 Praepositum.

277 958 351 1042 Qu1
360 974 486 1024 111111
496 958 740 1049 Praepositus
753 959 823 1029 illa
834 966 926 1048 agat
937 978 1025 1029 cum

188 1059 418 1148 reverentia,
443 1079 537 1150 quae.
557 1061 606 1132 ab
629 1059 785 1131 Abbate
801 1069 883 1134 'suo
907 1059 945 1130 ei
967 1059 1024 1128 in·

188 1159 320 1231 iuncta
353 1160 512 1249 fuerint,
549 1160 651 1231 nihil
689 1166 825 1232 contra
854 1158 1023 1232 Abbatis

187 1259 326 1332 volunt
311 1268 431 1333 tatem
459 1268 525 1333 aut
548 1261 837 1334 ordinationem
863 1260 1023 1349 faciem,

189 1361 281 1451 quia
306 1370 494 1454 quantum
508 1363 696 1454 praelatus
719 1370 779 1435 est
795 1363 945 1451 ceteris,
969 1362 1024 1434 ita

190 1483 278 1534 eum
300 1473 455 1554 oportet
471 1463 679 1536 sollicitius
698 1462 909 1535 observare
926 1483 1023 1586 prae

190 1571 305 1653 cepta
326 1564 499 1652 Regulae.
604 1621 607 1630 .
732 1603 736 1612 ·

277 1663 354 1748 Qui
375 1664 633 1765 Praepositus
649 1664 684 1736 si
705 1673 900 1754 repertus
907 1664 1025 1761 luerit

187 1764 357 1837 vitiosus
387 1774 453 1860 aut
481 1765 650 1838 elatione
678 1763 866 1855 deceptus
890 1753 1023 1855 super-

186 1865 265 1937 biae
299 1874 366 1937 aut
402 1871 601 1956 contempt
602 1886 647 1938 or
684 1871 795 1936 sanct
796 1885 830 1936 ae
860 1865 1023 1968 Regulae

187 1965 303 2037 fuerit
316 1967 605 2056 comprobatuS‚
622 1965 878 2037 admoneatur
889 1957 1022 2039 verbrs

186 2086 311 2156 usque
331 2074 477 2155 quater.
512 2066 652 2138 Sinon
665 2066 941 2154 emendaverit,
957 2067 1026 2138 ad-

186 2166 368 2238 hibeatur
392 2166 651 2258 eicorreptio
670 2163 907 2256 disciplina
907 2187 1027 2257 regu·v

185 2267 292 2338 laris.
338 2267 455 2352 Quod
484 2268 520 2338 si
548 2288 676 2358 neque
711 2265 769 2338 sic
799 2269 1022 2356 correxerit,

185 2376 279 2440 tunc
294 2366 487 2440 deiciatur
508 2369 556 2440 de
574 2368 716 2440 'ordine
732 2366 1022 2460 Praeposrturae.

188 2476 231 2540 et·
254 2469 355 2540 alius
385 2470 453 2558 qui
484 2469 626 2560 dignus
657 2469 785 2542 estin
813 2469 903 2542 loeo
937 2471 1021 2542 eius

187 2572 430 2659 subrogetur.
468 2569 584 2653 Quod
607 2571 642 2642 si
666 2577 705 2642 et
719 2577 860 2660 postea
875 2570 916 2641 in
933 2591 1022 2643 con·

187 2671 414 2761 gregatione
452 2672 608 2761 quietus
645 2680 683 2744 et
717 2670 907 2744 obediens
941 2671 1022 2744 non

187 2770 313 2859 luerit,
334 2771 452 2842 etiam
465 2772 514 2843 de
530 2771 768 2844 monasterio
784 2772 962 2862 pellatur.
978 2809 1022 2821 ——

188 2871 344 2960 Cogitet
370 2875 500 2942 tamen
521 2872 660 2944 Abbas
689 2892 731 2943 se
761 2871 809 2943 de
838 2875 1020 2948 omnibus
